3144 5006
398 420 485 484 56
678 438 683 441 “
1068 436 1072 443 ·
1325 420 1659 476 ΙΛΙΑΔΟ(
1710 420 1770 478 Β.

579 576 929 655 Μηκιςτέος
976 574 1114 641 υἱὸς
1159 576 1590 641 Ταλαϊονίδαο
1623 575 1927 643 ἄνακτος.

580 677 965 756 ςυμπάντων
1011 678 1079 742 δ’
1122 677 1342 756 ἡγεῖτο
1389 680 1549 758 βοὴν
1596 677 1834 755 ἀγαθὸς
1876 680 2236 760 Διομήδης·

578 781 737 844 τοῑςι
781 780 850 844 δ’
893 779 1011 861 ἅμ’
1056 779 1438 857 ὀγδώκοντα
1480 782 1772 861 μέλαιναι
1816 780 1967 859 νῆἐς
2009 781 2269 847 ἕποντο.

750 882 822 947 οἳ·
861 885 932 947 δὲ
979 882 1283 960 Μυκήνας
1327 881 1541 963 εἶχον,
1589 881 1958 963 ἐυκτίμενον
2002 886 2421 969 πτολίεθρον,

411 989 538 1048 570
581 982 857 1066 ἀφνειόν
900 1004 971 1049 τε
1017 984 1328 1063 Κόρινθον
1374 984 1744 1064 ἐυκτιμένας
1786 1006 1857 1050 τε
1905 986 2233 1070 Κλεωνάς,

581 1085 867 1165 Ὀρνειάς
910 1086 976 1151 τ’
1019 1086 1328 1166 ἐνέμοντο
1373 1086 1787 1167 Ἀραιθυρέην
1830 1088 1897 1152 τ’
1940 1085 2272 1169 ἐρατεινὴν

579 1189 678 1253 καὶ
723 1187 1018 1269 (ικυῶν’,
1064 1186 1174 1253 ὅθ’
1218 1188 1330 1267 ἄρ’
1372 1189 1719 1268 Ἀδρηςτος
1763 1191 1974 1270 πρῶτ’
2019 1191 2455 1274 ἐμβαςίλευεν,

581 1290 647 1356 οἵ
689 1290 756 1354 θ’
800 1289 1294 1377 Ὑπερηςίηντε
1339 1291 1441 1355 καὶ
1482 1291 1778 1371 αἰπεινὴν
1826 1294 1866 1357 Γ
1868 1293 2177 1358 ονόέςςαν

579 1392 922 1472 Πελλήνην
966 1392 1031 1455 τ’
1075 1391 1288 1473 εἶχον,
1334 1391 1444 1470 ἠδ’
1488 1391 1709 1468 Αἴγιον
1754 1392 2206 1474 ἀμφενέμοντο

411 1499 534 1558 575
578 1493 879 1571 Αἰγιαλόν
923 1494 987 1559 τ’
1029 1493 1156 1560 ἀνὰ
1197 1494 1412 1560 πάντα
1455 1495 1555 1560 καὶ
1599 1495 1771 1576 ἀμφ’
1813 1495 2055 1575 Ἑλίκην
2101 1494 2386 1575 εὐρεῖαν,

582 1600 718 1663 τῶν
763 1596 993 1661 ἑκατὸν
1038 1599 1216 1676 νηῶν
1261 1595 1417 1679 ἦρχε
1458 1596 1692 1676 κρείων
1737 1598 2150 1678 Ἀγαμέμνων

583 1698 914 1778 Ἀτρείδης.
990 1697 1119 1777 ἅμα
1160 1705 1252 1783 τῷ
1294 1718 1368 1775 γε
1414 1700 1586 1764 πολὺ
1629 1702 1912 1764 πλεῑςτοι
1956 1700 2058 1764 καὶ
2099 1684 2341 1780 ἄριςτοι

581 1801 728 1865 λαοὶ
771 1801 1036 1866 ἕποντ’·
1094 1801 1166 1866 έν
1212 1801 1281 1865 δ’
1324 1800 1520 1868 αὐτὸς
1563 1801 1824 1867 ἐδυςετο
1868 1803 2142 1881 νώροπα
2183 1793 2427 1883 χαλκὸν

469 1950 479 1958 -
582 1903 896 1985 κυδιόων,
941 1905 1130 1969 πᾶςιν
1174 1905 1246 1969 δὲ
1291 1904 1686 1984 μετέπρεπεν
1730 1904 2073 1983 ἡρώεςςιν,

413 2011 538 2070 580
582 2003 804 2071 οὕνεκ’
848 2004 1101 2084 ἄριςτος
1145 2004 1294 2088 ἔην,
1340 2007 1510 2071 πολὺ
1555 2006 1627 2070 δὲ
1673 2004 2006 2070 πλείςτους
2050 2003 2165 2083 ἄγε
2214 2006 2428 2070 λαούς.

750 2108 819 2171 οἳ
862 2107 931 2171 δ’
974 2105 1155 2187 εἶχον
1200 2106 1420 2184 κοίλην
1465 2106 1906 2186 Λακεδαίμονα
1950 2108 2340 2186 κητώεςςαν,

582 2208 784 2289 Φᾶρίν
827 2228 896 2273 τε
943 2208 1237 2287 (πάρτην
1281 2228 1352 2274 τε
1395 2208 1874 2292 πολυτρήρωνά
1912 2228 1984 2274 τε
2031 2209 2316 2288 Μέςςην,

582 2309 883 2390 Βρυςειάς
924 2311 991 2374 τ’
1034 2309 1345 2389 ἐνέμοντο
1388 2310 1490 2375 καὶ
1529 2309 1800 2385 Αὐγειὰς
1845 2310 2207 2395 ἐρατεινάς,

583 2411 647 2477 οἵ
687 2412 754 2476 τ’
797 2411 909 2492 ἄρ’
952 2412 1261 2493 Ἀμύκλας
1303 2411 1488 2493 εἶχον
1531 2413 1722 2477 Ἕλος
1763 2413 1850 2496 τ’,
1895 2412 2149 2494 ἔφαλον
2193 2414 2612 2496 πτολίεθρον,

414 2518 536 2579 585
583 2513 649 2580 οἵ
690 2508 852 2605 τεῙΛ
941 2537 979 2581 ν
1002 2507 1361 2612 {efxovffib'
1404 2514 2212 2605 Οἴτιυλονιάμφενέιφντο,

580 2623 715 2682 τῶν
762 2616 823 2681 οἱ
910 2619 1188 2698 δελφεὸς
1232 2616 1420 2702 ἦρχε,
1468 2619 1625 2698 βοὴν
1671 2616 1913 2694 ἀγαθὸς
1959 2618 2321 2696 Μενέλαος,

550 2818 617 2873 V.
654 2838 704 2877 1..
759 2825 859 2875 566
904 2821 1213 2888 μηκιςτέως
1260 2819 1459 2876 CHLS.
1511 2849 1579 2860 —
1632 2824 1732 2876 568
1775 2819 1902 2874 add.
1947 2820 2090 2875 vitt.
2135 2819 2336 2890 Scripfi.
2380 2820 2416 2875 l.
2459 2820 2496 2875 l.
2543 2823 2607 2876 ἐν
2647 2824 2701 2876 δ’

415 2889 613 2955 ἄνδρες
658 2889 928 2954 πολέμοιο
974 2889 1251 2955 δαήμονες
1307 2890 1678 2967 ἑςτιχόωντο,
1735 2891 1972 2956 Ἀργεῖοι
2027 2889 2430 2957 λινοθώρηκες,
2493 2891 2698 2958 κέντρα

414 2957 736 3022 πτολέμοιο,
770 2955 886 3013 vid.
925 2955 1157 3012 Homeri
1192 2959 1253 3011 et
1296 2955 1530 3011 Hemodi
1575 2955 1875 3012 Certamen
1912 2957 2052 3010 extr.
2085 2986 2151 2999 --
2196 2961 2296 3013 569
2331 2958 2385 3011 οἱ
2419 2956 2485 3010 Α.
2522 2958 2700 3012 εὐκτί-

415 3041 587 3091 μενον
620 3023 683 3078 Ε.
729 3055 780 3064 —-
832 3030 930 3079 572
968 3026 1037 3093 ἂρ
1074 3023 1246 3078 AGH.
1291 3025 1380 3093 ἄρ’
1417 3024 1599 3080 omitt.
1635 3023 1694 3081 L.
1739 3025 2010 3093 ἄδραςτος
2045 3024 2111 3079 G.
2159 3025 2509 3090 ἐβαςίλευςεν
2545 3023 2695 3081 CGS.

411 3093 801 3160 ἐμβαςίλευςεν
836 3092 901 3146 Li
943 3110 984 3150 s.
1020 3091 1177 3150 Vrat.
1213 3110 1264 3150 a.
1309 3122 1375 3132 —-
1427 3099 1527 3147 573
1562 3094 1905 3161 ὑπερηςείην
1940 3092 2042 3145 GH
2087 3091 2314 3145 Barocc.
2350 3091 2512 3146 Eton.
2550 3092 2697 3161 Lips,

400 3161 713 3229 ’Υπερραςί
755 3179 787 3213 ν
833 3159 901 3215 So
944 3160 1014 3213 ol.
1060 3159 1244 3230 Apoll.
1290 3159 1469 3215 Rhod.
1508 3160 1549 3225 1,
1591 3166 1703 3215 176.
1763 3191 1825 3199 -
1881 3166 1981 3214 575
2024 3159 2344 3228 ἀμφελίκην
2379 3160 2435 3214 1..
2491 3189 2555 3200 —·
2598 3167 2700 3215 578

414 3229 640 3284 ἑδύςετο
688 3179 815 3280 A'h:
868 3229 1103 3283 ἑδύςατο
1147 3228 1237 3282 ΟΕ
1281 3235 1398 3295 296,
1437 3235 1494 3293 2;
1541 3233 1660 3294 299,
1711 3234 1773 3306 19
1817 3227 1910 3280 GL
1968 3233 2011 3280 1.
2057 3244 2203 3281 man.
2251 3229 2515 3283 ἑδύςςατο
2553 3227 2593 3281 1.
2630 3244 2698 3282 ex

414 3311 554 3350 corr.
580 3295 633 3354 S.
660 3330 727 3340 —
750 3300 851 3350 579
875 3299 1042 3352 πᾶςιν
1076 3297 1161 3351 δὲε
1202 3300 1293 3350 καὶ
1331 3301 1461 3352 πᾶςι
1484 3294 1553 3361 Η,
1593 3297 1768 3350 oeten
1803 3298 1892 3350 ὅτι
1930 3301 2078 3351 πᾶςι.
2106 3325 2169 3334 -
2197 3299 2295 3349 581
2334 3296 2388 3350 οἱ
2413 3296 2479 3352 A.
2505 3326 2571 3337 -
2599 3303 2698 3351 582

416 3366 506 3419 Φᾶ
543 3364 621 3418 iv:
658 3363 852 3432 φάρην
887 3361 954 3420 G.
999 3381 1032 3417 τ
1074 3381 1108 3417 ν
1152 3366 1214 3420 δὲ
1257 3365 1454 3432 Φάρην
1497 3366 1530 3417 ὁ
1574 3366 1647 3418 τὰ
1681 3365 1874 3418 ἑθνικὰ
1908 3365 2130 3432 γράψας
2175 3365 2264 3418 διὰ
2297 3369 2403 3418 τοῦ
2439 3366 2463 3429 ἰ
2497 3365 2700 3420 εἰδέναι

416 3448 499 3553 ‘1⁹5²
522 3433 806 3566 ww
828 3432 1045 3566 353²&
1067 3437 1299 3554 §.32³4
1311 3433 1806 3553 “35320131‘232’33?
1841 3437 1946 3553 {⁰⁰
1979 3423 2545 3566 &mexzzffsszss
2574 3438 2700 3566 ..²⁹

416 3568 563 3623 ςείας
597 3570 651 3621 τ’
686 3566 751 3621 G.
789 3518 1015 3633 αὐγειές
1048 3569 1102 3622 τ’
1127 3567 1192 3623 G.
1218 3517 1407 3622 -{84
1442 3569 1512 3634 ἂρ
1548 3565 1720 3622 AGH.
1756 3540 1919 3623 “’ὲλος
2019 3598 2088 3607 -
2111 3517 2229 3623 585ρ
2247 3570 2405 3634 εἶχον
2441 3518 2700 3623 οτηίῡίςἛ

419 3642 466 3691 1.
502 3651 652 3690 man.
687 3635 905 3705 ἔφαλον
939 3638 1005 3691 A.
1044 3667 1105 3675 —
1144 3641 1244 3692 585
1280 3639 1422 3691 λᾶαν
1458 3636 1618 3702 εἶχον
1656 3636 1726 3690 ἰδ’
1761 3635 1815 3690 S.
1853 3636 1926 3690 ἰδ’
1960 3635 2017 3690 οἳ
2049 3638 2228 3691 τύλον
2263 3634 2324 3689 L.
2370 3637 2603 3705 οῐτηλον
2638 3635 2697 3691 C.

415 3705 806 3772 ἀμφινέμοντο
841 3702 894 3758 S.

554 3892 621 3946 A.
656 3909 703 3945 ο.
730 3895 852 3962 ιδ571
895 3893 1282 3960 Ἀραιθυρέηνε
1321 3892 1718 3959 Παραιθυρέην
1754 3889 2084 3945 zenodotus.
2123 3922 2188 3930 —-
2233 3897 2331 3946 573
2370 3892 2405 3945 Γ
2407 3890 2699 3946 ονόεςςανε

416 3961 612 4015 narrat
642 3959 953 4029 Pausanias,
972 3958 1094 4024 VII,
1121 3964 1204 4024 26,
1232 3965 1296 4014 13
1334 3959 1587 4014 veterem
1622 3959 1955 4028 scripturam
1993 3960 2315 4015 Δονόεςςαν
2350 3975 2386 4012 a
2408 3957 2699 4013 Pisistrato

416 4029 696 4083 mutatam
733 4043 851 4082 esse
894 4026 955 4081 in
995 4028 1316 4083 Γονόεςςαν.
1362 4056 1426 4066 -
1471 4033 1572 4082 578
1616 4027 1842 4082 ἑδύςετο
1877 4026 2247 4081 Aristarchus.
2287 4058 2351 4066 --
2396 4031 2497 4080 579
2534 4030 2700 4082 πᾶςιν

417 4098 507 4150 be:
544 4098 737 4151 οὕτως
768 4097 804 4162 ἡ
845 4096 1010 4163 ἑτέρα
1043 4101 1166 4150 τῶν
1203 4097 1263 4150 Ἀ
1304 4096 1662 4164 ιςταρχείων,
1707 4097 1799 4150 καὶ
1835 4097 1949 4150 ἔςτι
1993 4097 2334 4163 χαριεςτέρα.
2391 4094 2602 4161 ὁμοίως
2637 4097 2701 4149 δὲ

419 4165 512 4218 καὶ
557 4164 882 4231 Ζηνόδοτος
926 4166 1130 4233 γράφει
1163 4161 1244 4218 Di
1302 4179 1506 4233 ymas.
1558 4192 1628 4204 —
1677 4169 1795 4228 579,
1832 4169 1932 4219 580
1973 4164 2301 4232 Ζηνόδοτος
2344 4162 2701 4230 ἀμφοτέρους

420 4230 700 4351 ἓθέτηκεν
723 4231 1180 4287 Aristonicus·
1203 4263 1272 4273 —
1295 4237 1392 4287 581
1430 4233 1784 4301 κητώεςςανε
1813 4230 2130 4286 Zenodotus
2155 4231 2528 4297 καιετάεςςαν,
2555 4231 2700 4285 conf.

468 4297 576 4350 usf.
610 4304 712 4353 294
762 4304 822 4363 9ς
871 4304 1019 4366 1478,
1056 4305 1138 4355 38.
1184 4298 1365 4354 Schol.
1401 4297 1469 4355 D.
1515 4298 1698 4354 Schol.
1734 4302 1766 4353 δ
1817 4306 1859 4354 1.
1897 4297 2099 4353 Strabo
2135 4295 2285 4361 VIII,
2322 4301 2439 4352 367.
2487 4331 2554 4343 —
2600 4304 2701 4353 585

421 4365 669 4420 Οἴτυλον
702 4338 1080 4421 herodianus:
1116 4367 1170 4423 οἳ
1204 4369 1394 4424 Τύλον
1430 4367 1734 4437 Tyrannio,
1771 4367 1842 4421 cf.
1877 4365 2028 4421 Euat.
2066 4371 2185 4433 295,
2220 4370 2304 4420 41.
