3144 5006
395 384 523 449 292
1314 387 1644 443 ΙΛΙΑΔΟ(
1694 386 1752 441 Κ.

566 542 879 627 πολλῇςίν
922 542 984 622 μ’
1028 541 1206 629 ἀτῃςι
1247 544 1452 623 παρὲκ
1493 543 1656 610 νόον
1698 542 1940 621 ἤγαγεν
1983 541 2249 623 Ἕκτωρ,

567 643 641 708 ὅς
686 664 792 724 μοι
833 646 1213 725 Πηλείωνος
1257 645 1504 722 ἀγαυοῦ
1549 645 1847 727 μώνυχας
1888 643 2131 709 ἵππους

568 747 918 827 δωςέμεναι
962 748 1294 813 κατένευςε
1339 747 1442 812 καὶ
1483 746 1731 827 ἅρματα
1775 746 2032 842 ποικίλα
2074 748 2322 826 χαλκῷ·

567 846 806 925 ἠνώγει
849 849 921 913 δέ
966 849 1028 929 μ’
1071 848 1249 915 ἰόντα
1293 851 1453 929 θοὴν
1498 848 1603 914 διὰ
1647 848 1845 915 νύκτα
1882 847 2194 926 μέλαιναν

398 953 520 1012 395
566 949 824 1028 ἀνδρῶν
871 951 1233 1029 δυςμενέων
1279 951 1506 1030 ςχεδὸν
1553 950 1840 1034 ἐλθέμεν,
1884 949 1956 1015 ἔκ
1998 969 2065 1014 τε
2110 943 2431 1029 πυθέςθαι,

565 1051 639 1128 ἠὲ
683 1052 1108 1132 φυλάςςονται
1153 1055 1305 1131 νῆες
1348 1053 1497 1119 θοαὶ
1541 1052 1634 1118 ὣς
1677 1053 1753 1118 τὸ
1796 1053 2004 1131 πάρος
2048 1069 2192 1132 περ,

565 1152 605 1231 ἦ
651 1152 770 1232 ἤδη
814 1152 1116 1233 χείρεςςιν
1161 1152 1274 1237 ὑφ’
1316 1154 1647 1238 ἡμετέρῃςι
1691 1153 1993 1232 δαμέντες

566 1255 758 1336 φύξιν
804 1254 1181 1336 βουλεύουςι
1224 1256 1381 1335 μετὰ
1422 1257 1654 1340 ςφίςιν,
1701 1255 1843 1322 οὐδ’
1886 1255 2170 1319 ἑθέλουςι

567 1356 765 1420 νύκτα
808 1357 1273 1437 φυλαςςέμεναι
1314 1357 1574 1442 καμάτῳ
1619 1357 1928 1439 ἀδηκότες
1970 1354 2148 1438 αἰνῷ.

396 1463 525 1521 400
733 1457 852 1522 τὸν
896 1458 953 1523 δ’
997 1458 1394 1539 ἐπιμειδήςας
1439 1460 1735 1542 προςέφη
1779 1458 2130 1538 πολύμητις
2172 1454 2537 1520 Ὀδυςςεύς·

564 1557 603 1636 ἦ
649 1557 730 1639 ῥά
773 1559 854 1624 νύ
897 1580 995 1624 τοι
1041 1560 1340 1640 μεγάλων
1384 1561 1619 1642 δώρων
1664 1560 2001 1642 ἐπεμαίετο
2046 1563 2266 1649 θυμός,

564 1660 787 1725 ἵππων
832 1659 1129 1727 Αἰακίδαο
1174 1662 1564 1745 δαΐφρονος·
1611 1662 1677 1728 οἳ
1721 1662 1779 1728 δ’
1821 1662 2140 1741 ἀλεγεινοὶ

567 1760 831 1842 ἀνδράςι
873 1783 946 1840 γε
991 1767 1271 1844 θνητοῖςι
1315 1766 1665 1846 δαμήμεναι
1708 1764 1809 1844 ἠδ’
1851 1763 2160 1848 ὀχέεςθαι,

565 1862 745 1948 ἄλλῳ
787 1865 849 1941 γ’
891 1865 930 1943 ἢ
976 1865 1242 1950 Ἀχιλῆι,
1293 1866 1411 1933 τὸν
1455 1866 1741 1946 ἀθανάτη
1786 1867 1937 1948 τέκε
1971 1868 2190 1948 μήτηρ.

396 1970 520 2028 405
566 1964 707 2030 ἀλλ’
752 1966 866 2043 ἄγε
912 1988 1017 2046 μοι
1060 1969 1207 2034 τόδε
1252 1968 1390 2033 εἰπὲ
1435 1969 1535 2033 καὶ
1578 1967 1894 2046 ἀτρεκέως
1939 1970 2314 2035 κατάλεξον·

567 2072 697 2132 ποῦ
741 2070 862 2134 νῦν
905 2072 1100 2149 δεῦρο
1145 2072 1301 2134 κιὼν
1348 2069 1525 2135 λίπες
1568 2069 1873 2153 Ἕκτορα,
1918 2071 2191 2149 ποιμένα
2234 2074 2441 2143 λαῶν;

567 2173 697 2233 ποῦ
743 2168 815 2233 δέ
859 2168 923 2235 οἱ
965 2169 1153 2235 ἔντεα
1196 2173 1393 2235 κεῖται
1438 2169 1661 2254 ἀρήια,
1705 2173 1837 2235 ποῦ
1883 2171 1955 2234 δέ
1999 2171 2061 2234 οἱ
2100 2171 2320 2248 ἵπποις

566 2277 707 2334 πῶς
751 2272 856 2334 δαὶ
897 2275 1029 2336 τῶν
1073 2270 1293 2337 ἄλλων
1337 2271 1586 2350 Τρώων
1630 2271 1911 2352 φυλακαί
1954 2292 2022 2336 τε
2066 2273 2167 2338 καὶ
2210 2273 2423 2350 εὐναί;

532 2469 599 2525 V.
636 2489 684 2525 τ..
739 2476 833 2525 391
875 2471 1112 2542 πολλῇςί
1147 2470 1208 2526 Ε.
1246 2472 1458 2540 ἄτηιςιν
1492 2470 1572 2551 Β..
1608 2473 1927 2594 παὲεκνόον
1963 2472 2108 2528 ACD
2154 2477 2283 2539 nost
2315 2492 2423 2535 ras.
2461 2474 2576 2533 HL.
2616 2506 2677 2516 —

397 2546 496 2594 392
531 2539 835 2608 πηλείονος
873 2539 937 2593 G.
981 2569 1048 2580 —
1092 2547 1191 2594 393
1227 2542 1418 2610 χαλκῷ
1463 2542 1646 2595 omitt.
1737 2587 1749 2601 ,
1795 2571 1862 2582 -
1907 2549 2007 2595 398
2045 2546 2368 2607 βουλεύουςι
2404 2543 2499 2599 GL
2544 2544 2677 2601 Mor.

399 2607 553 2660 Harl.
599 2624 684 2674 γρ.
730 2610 1054 2672 βουλεύουςι
1097 2606 1138 2661 C
1184 2625 1330 2666 man.
1375 2625 1487 2663 rec.
1531 2611 1855 2675 βουλεύοντε
1900 2608 2115 2663 ACDH.
2160 2613 2410 2667 έθέλουςι
2456 2613 2502 2664 G
2540 2612 2679 2665 Mor.

397 2675 550 2729 Harl.
594 2676 880 2730 ἑθέλουςιν
924 2675 984 2733 L.
1030 2693 1117 2743 γρ.
1164 2677 1286 2730 οὐδ’
1329 2678 1580 2732 ἑθέλουςι
1624 2676 1666 2731 C
1710 2693 1859 2731 man.
1902 2693 2013 2732 rec.
2057 2680 2306 2735 ἐθέλοιτε
2352 2678 2566 2733 ACDH.
2617 2681 2681 2733 ἐν

397 2746 555 2812 ἄλλῳ
593 2745 759 2810 φύξιν
796 2746 1120 2808 βουλεύουςι
1157 2746 1297 2810 μετὰ
1331 2746 1513 2811 ςφίςιν
1548 2747 1672 2799 οὐδ’
1704 2747 1955 2800 έθέλουςι
1980 2748 2147 2799 A.·—-
2183 2754 2281 2802 399
2317 2748 2589 2815 ἀδηκότες
2613 2749 2679 2801 A.

398 2813 703 2890 ἀδδηκότες
739 2809 838 2869 LS.
879 2812 1047 2881 vulgo
1083 2814 1356 2880 ἀδηκότες
1392 2830 1520 2865 cum
1558 2812 1759 2866 CDGH
1786 2813 1930 2882 Lips.
1964 2813 2176 2868 Townl.
2205 2814 2361 2869 Vrat.
2386 2815 2439 2868 b.
2480 2844 2545 2853 -
2580 2822 2682 2868 400

398 2878 449 2933 δ’
483 2882 664 2933 omitt.
702 2878 745 2932 L
800 2910 863 2919 -
898 2886 999 2932 402
1034 2879 1089 2934 οἳ
1121 2882 1173 2933 δ’
1207 2880 1272 2938 D.
1308 2882 1415 2934 οἵδ’
1449 2879 1659 2933 CGHL.
1698 2912 1743 2919 -—
1795 2888 1895 2934 404
1932 2884 2091 2951 ἄλλῳ
2127 2885 2162 2949 ἢ
2199 2882 2317 2937 DG.
2360 2885 2518 2949 ἀχιλλ
2558 2888 2580 2937 ἰ’
2616 2882 2680 2936 G.

397 2950 467 3001 ὃν
503 2946 563 3001 Ε.
601 2977 664 2987 -
700 2954 801 3001 408
837 2953 959 3002 πῶς
994 2950 1082 3001 δαὶ
1122 2947 1267 3001 AHL
1291 2947 1475 3016 Apoll.
1502 2948 1576 3001 de
1601 2947 1759 3015 Synt.
1784 2956 1832 3012 6,
1859 2956 1915 3012 9;
1955 2955 2037 3013 77,
2073 2957 2120 3003 9.
2164 2950 2419 3005 Ammon.
2456 2951 2527 3003 de
2606 2950 2681 3002 iff.

398 3034 439 3068 s,
476 3033 527 3069 v,
563 3016 668 3069 δαί.
705 3014 882 3071 Bekk.
921 3015 1131 3073 Anecd.
1170 3021 1288 3078 971,
1329 3023 1417 3075 112
1463 3021 1603 3069 1178.
1642 3016 1824 3083 Apoll.
1862 3014 1991 3069 Lex.
2028 3024 2112 3081 56,
2149 3023 2231 3071 27.
2268 3018 2355 3073 Et.
2382 3017 2525 3073 (iud.
2567 3025 2678 3075 132.

396 3090 479 3135 47.
515 3089 641 3138 πῶς
676 3084 736 3137 δὲ
773 3081 872 3135 DG
911 3082 1089 3136 Cram.
1139 3082 1349 3136 Aneod.
1401 3082 1524 3138 Par.
1571 3083 1671 3149 111,
1714 3090 1797 3149 13,
1839 3089 1924 3149 173
1972 3090 2090 3151 284,
2136 3091 2219 3140 28.
2267 3092 2392 3141 πῶς
2432 3087 2493 3140 δέ
2528 3102 2593 3139 τε
2630 3085 2679 3137 Η

397 3167 669 3218 suprascr.
708 3156 829 3204 πῶς
866 3152 916 3202 δ’
951 3151 1007 3205 αἱ
1044 3149 1149 3203 ΟΕ.

535 3336 597 3389 Α.
634 3354 682 3389 ο.
733 3341 828 3389 391
868 3336 1247 3405 ἀριςτοφάνης
1284 3339 1516 3404 ἢπαφεν
1541 3339 1728 3405 ἕκτωρ
1754 3336 2099 3405 Didymus.
2139 3368 2200 3376 —-
2235 3344 2503 3392 397-399
2529 3339 2679 3403 παρὰ

401 3405 788 3472 Ἀριςτοφάνει
823 3406 1161 3470 ήθετοῦντο,
1198 3407 1262 3459 ἐν
1296 3407 1356 3458 δὲ
1381 3411 1504 3460 ταῖς
1531 3407 1889 3473 Ἀριςτάρχου
1912 3407 2230 3473 ἐγέγραπτο
2254 3408 2303 3460 εἰ
2338 3408 2443 3473 ἤδη
2481 3404 2678 3473 Didy-

398 3490 557 3525 mus.
612 3474 798 3525 οὕτως
834 3473 1121 3538 γραπτέον
1158 3474 1562 3539 βουλεύουςι
1600 3476 1690 3528 καὶ
1729 3474 2111 3542 [έ]θέλουςι,
2156 3477 2225 3526 τὸ
2261 3476 2368 3540 γὰρ
2402 3474 2583 3536 ςφίςιν
2617 3475 2679 3526 ἐν

397 3547 483 3609 τῷ
520 3539 648 3607 περί
692 3541 870 3593 τινών
916 3540 1027 3594 ἐςτι
1071 3543 1256 3608 λόγῳ,
1303 3543 1430 3595 ἀντὶ
1475 3547 1579 3595 τοῦ
1625 3543 1847 3608 αὐτοῖς,
1896 3543 1942 3610 ᾧ
1992 3542 2275 3595 ἀκόλουθα
2310 3543 2393 3594 δεῖ
2429 3541 2572 3594 εἶναι
2607 3542 2680 3594 τὰ

400 3612 623 3676 ῥήματα
657 3607 1105 3662 Aristonicus.
1157 3613 1281 3662 τῶν
1318 3611 1748 3677 παρακειμένων
1783 3611 2003 3676 ὀβελῶν
2038 3610 2142 3662 οὐκ
2188 3610 2337 3663 ἔςτιν
2371 3608 2556 3662 αἰτίαν
2593 3611 2680 3661 εὑ-

397 3682 518 3744 ρεῖν
553 3676 642 3730 διὰ
677 3679 798 3729 τῶν
834 3677 1259 3744 Ἀριςταρχείων
1293 3678 1735 3743 ὑπομνημάτων.
1786 3677 2098 3741 Ἀμμώνιος
2133 3677 2194 3729 δὲ
2219 3678 2251 3728 ὁ
2278 3675 2681 3742 Ἀριςτάρχειος

398 3749 634 3812 πρῶτον
670 3746 773 3808 μέν
808 3750 1052 3810 ςτιγμαῑς
1098 3749 1233 3812 φηςι
1276 3747 1382 3799 τὸν
1420 3745 1779 3810 Ἀρίςταρχον
1827 3744 2403 3811 παραςηιιειώςαςθαι,
2450 3744 2578 3796 εἶτα
2620 3746 2680 3797 δέ

401 3816 490 3866 καὶ
532 3814 752 3867 τέλειον
797 3813 1030 3875 ἐξελεῖν,
1073 3814 1218 3878 τάχα
1260 3815 1350 3866 διὰ
1396 3813 1466 3866 τὸ
1511 3813 1604 3864 ἐπὶ
1649 3812 1916 3878 δευτέρου
1953 3828 1991 3864 π
2032 3812 2263 3864 οςώπου
2305 3812 2375 3864 τὸ
2412 3811 2558 3874 ςφίςι
2591 3828 2681 3866 τε·

399 3883 595 3947 τάχθαι
641 3882 731 3933 καὶ
776 3880 1000 3934 ἄνωθεν
1044 3884 1216 3946 (31οῇ
1235 3885 1354 3942 312)
1406 3879 1803 3955 μετενηνέχθαι
1833 3828 2029 3956 „Solios
2067 3880 2132 3956 A.
2182 3878 2321 3931 haec
2366 3878 2548 3946 primo
2585 3879 2680 3933 ad-

398 3950 594 4016 spectu
639 3947 789 4001 inber
832 3963 891 4001 se
936 3947 1200 4002 videniur
1245 3962 1522 4015 pugnare,
1578 3962 1737 3998 cums
1788 3946 1967 3999 disere
2010 3946 2198 3999 antiae
2243 3962 2467 3999 eausam
2512 3946 2680 4000 fuisse

419 4017 538 4068 mto
584 4015 969 4068 diversitatem
1013 4015 1303 4082 utriusque
1349 4013 1689 4067 recensionis
1736 4013 1980 4066 Aristarc
2022 4013 2066 4077 i,
2122 4013 2218 4080 qni
2264 4014 2320 4066 in
2411 4015 2679 4068 osterioro

439 4099 499 4135 os
537 4098 726 4135 versus
761 4082 1077 4145 damnavit,
1113 4084 1170 4134 in
1207 4081 1391 4151 priore
1428 4082 1755 4148 βουλεύουςι
1791 4082 1851 4134 et
1893 4082 2143 4141 ἑθέλουςι
2178 4081 2373 4150 scripsi
2413 4123 2425 4144 ,
2475 4097 2680 4150 eosque

399 4150 622 4216 punctis
666 4151 909 4217 notavit,
955 4152 1159 4218 quibus
1202 4150 1551 4215 ostenderet,
1597 4166 1656 4203 se
1694 4149 1951 4202 dubitare
1987 4165 2056 4201 an
2106 4149 2336 4216 genuini
2375 4152 2578 4203 essens.
2616 4176 2681 4189 -—

399 4255 500 4300 408
534 4250 623 4301 δαὶ
660 4250 1038 4314 Aristarchum
1076 4250 1218 4304 conf.
1260 4250 1322 4302 H.
1360 4250 1421 4303 T.
1461 4256 1579 4305 220.
1623 4252 1711 4305 ὅτι
1755 4252 2051 4316 ςύνδεςμος
2087 4251 2120 4302 ό
2157 4217 2244 4306 ιῖἒαι
2283 4250 2405 4319 (sie)
2449 4252 2540 4305 καὶ
2576 4252 2680 4305 οὐκ

401 4316 610 4379 ἄρθρον
648 4316 1094 4371 Aristonicus.
