3144 5006
1289 424 1626 482 ΙΛΙΑΔΟΕ
1683 423 1827 482 XIX.
2584 421 2709 485 213

592 583 875 663 Ἀτρείδη
920 583 1192 671 κύδιςτε,
1236 582 1397 648 ἄναξ
1440 579 1701 659 ἀνδρῶν
1748 579 2174 660 Ἀγάμεμνον,

591 687 771 762 δῶρα
815 685 929 765 μέν
943 735 964 769 ,
1009 683 1077 748 αἴ
1119 687 1172 750 κ’
1217 685 1552 767 ἐθέλῃςθα,
1601 682 2037 763 παραςχέμεν,
2085 680 2176 744 ὡς
2219 680 2519 762 ἐπιεικές,

591 784 630 864 ἦ
675 785 732 850 τ’
775 786 1029 866 ἐχέμεν,
1074 786 1249 867 πάρα
1293 786 1405 850 ςοί.
1492 788 1612 849 νῦν
1660 786 1730 850 δὲ
1776 784 2150 864 μνηςώμεθα
2192 782 2432 862 χάρμης

594 884 762 968 αἶψα
806 888 985 969 μάλ’·
1032 888 1112 953 ού
1157 889 1280 968 γὰρ
1326 888 1446 967 χρὴ
1492 886 1909 951 κλοτοπεύειν
1955 885 2166 950 ἐνθάδ’
2210 883 2435 949 ἐόντας

435 996 557 1054 150
601 989 756 1055 οὐδὲ
801 990 1167 1071 διατρίβειν·
1215 990 1306 1054 ἔτι
1347 989 1471 1067 γὰρ
1515 989 1676 1067 μέγα
1721 987 1915 1066 ἔργον
1960 987 2260 1065 ἄρεκτον·

598 1090 688 1156 ὥς
732 1091 801 1155 κέ
844 1111 937 1156 τις
982 1091 1121 1158 αὖτ’
1165 1092 1426 1171 Ἀχιλῆα
1468 1092 1625 1171 μετὰ
1669 1090 2011 1168 πρώτοιςιν
2055 1086 2262 1166 ἴδηται

590 1190 766 1272 ἔγχεϊ
808 1193 1080 1278 χαλκείῳ
1126 1194 1373 1273 Τρώων
1420 1191 1734 1258 ὀλέκοντα
1779 1192 2134 1272 φάλαγγας.

593 1292 722 1359 ὧδέ
765 1313 857 1358 τις
902 1293 1143 1375 ὑμείων
1186 1295 1583 1375 μεμνημένος
1627 1293 1812 1373 ἀνδρὶ
1854 1292 2163 1373 μαχέςθω.
2664 1353 2670 1359 .

765 1396 883 1461 τὸν
928 1396 985 1461 δ’
1028 1397 1539 1478 ἀπαμειβόμενος
1597 1396 1891 1475 προςέφη
1945 1394 2297 1473 πολύμητις
2342 1392 2705 1457 Ὀδυςςεύς·

422 1503 542 1560 155
588 1498 668 1576 μὴ
715 1498 792 1576 δὴ
840 1483 1080 1576 οὕτως,
1127 1495 1368 1574 ἀγαθός
1410 1518 1532 1578 περ
1581 1498 1739 1581 ἐών,
1785 1496 2087 1562 θεοείκελ’
2128 1495 2417 1575 Ἀχιλλεῦ
2432 1535 2452 1578 ,

589 1600 842 1678 νήςτιας
887 1597 1119 1677 ὄτρυνε
1164 1600 1353 1678 προτὶ
1396 1601 1589 1665 Ἴλιον
1638 1598 1778 1665 υἷας
1822 1600 2095 1678 Ἀχαιῶν

586 1700 793 1778 Τρωςὶ
837 1702 1346 1781 μαχηςομένους,
1393 1702 1530 1767 ἐπεὶ
1577 1700 1692 1766 οὐκ
1738 1700 1962 1778 ὀλίγον
2007 1700 2249 1779 χρόνον
2296 1699 2465 1764 ἔςται

588 1801 911 1887 φύλοπις,
957 1801 1086 1868 εὖτ’
1130 1802 1209 1868 ἂν
1256 1808 1516 1882 πρῶτον
1562 1802 1901 1883 ὁμιλήςωςι
1948 1802 2278 1883 φάλαγγες

592 1903 885 1988 ἀνδρῶν,
931 1903 1002 1969 ἐν
1047 1905 1118 1969 δὲ
1163 1905 1311 1970 Θεὸς
1354 1906 1593 1990 πνεύςῃ
1638 1906 1832 1985 μένος
1876 1903 2355 1985 ἀμφοτέροιςιν.

422 2010 545 2069 160
590 2003 754 2071 ἀλλὰ
798 2006 1111 2071 πάςαςθαι
1156 2004 1401 2086 ἄνωχθι
1446 2013 1602 2092 θοῇς
1647 2007 1750 2072 ἐπὶ
1793 2007 2010 2087 νηυςὶν
2059 2005 2352 2083 Ἀχαιοὺς
2403 2043 2440 2096 χ

588 2108 761 2173 ςίτου
804 2110 910 2173 καὶ
955 2107 1198 2174 οἴνοιο·
1246 2110 1322 2175 τὸ
1366 2110 1492 2189 γὰρ
1536 2108 1730 2188 μένος
1775 2107 1902 2172 ἑςτὶ
1945 2108 2049 2172 καὶ
2092 2105 2269 2185 ἀλκή.

590 2207 668 2274 οὐ
712 2210 835 2289 γὰρ
881 2209 1044 2289 ἀνὴρ
1090 2210 1350 2289 πρόπαν
1394 2209 1561 2290 ἦμαρ
1609 2209 1675 2274 ἐς
1718 2208 1937 2287 ἠέλιον
1981 2208 2339 2273 καταδύντα

587 2309 870 2391 ἄκμηνος
915 2312 1109 2377 ςίτοιο
1155 2312 1483 2390 δυνήςεται
1529 2312 1692 2376 ἄντα
1735 2311 2065 2390 μάχεςθαι·

587 2411 644 2478 εἴ
686 2432 807 2493 περ
850 2414 974 2493 γὰρ
1019 2418 1195 2497 θυμῷ
1241 2434 1314 2490 γε
1361 2413 1671 2497 μενοινάᾳ
1712 2413 2106 2496 πολεμίζειν,

422 2519 539 2578 165
586 2514 749 2580 ἀλλά
792 2536 861 2580 τε
905 2515 1108 2599 λάθρῃ
1153 2518 1301 2590 γυῖα
1347 2517 1717 2598 βαρύνεται,
1764 2517 1878 2595 ἠδὲ
1921 2515 2162 2595 κιχάνει

585 2616 745 2697 δίψά
786 2637 853 2681 τε
897 2618 1000 2683 καὶ
1044 2619 1253 2698 λιμός,
1302 2618 1596 2700 βλάβεται
1642 2618 1715 2682 δέ
1758 2638 1828 2682 τε
1871 2617 2134 2694 γούνατ’
2180 2617 2356 2682 ἰόντι.

585 2718 662 2782 ὃς
705 2716 781 2784 δέ
820 2719 876 2783 κ’
919 2717 1085 2798 ἀνὴρ
1131 2718 1341 2786 οἴνοιο
1386 2721 1851 2799 κορεςςάμενος
1894 2720 1996 2785 καὶ
2041 2719 2286 2796 ἐδωδῆς

586 2818 848 2899 ἀνδράςι
893 2821 1285 2901 δυςμενέεςςι
1331 2822 1721 2902 πανημέριος
1766 2821 2107 2904 πολεμίζῃ,

586 2922 939 3000 θαρςαλὲον
984 2920 1062 2987 νύ
1109 2920 1171 2988 οἱ
1214 2922 1373 3003 ἦτορ
1418 2923 1514 2989 ἐνὶ
1557 2922 1815 3004 φρεςίν,
1864 2922 2020 2989 οὐδέ
2063 2943 2121 2987 τι
2167 2924 2314 2999 γυῖα

752 3060 826 3067 -ι

548 3105 613 3160 V.
649 3125 698 3159 ι..
778 3110 868 3159 147
904 3123 967 3161 κε
1003 3108 1262 3174 θέληιςθα
1290 3106 1335 3160 D
1373 3106 1409 3161 S
1452 3125 1491 3160 r.
1530 3107 1681 3178 Lips.
1712 3139 1773 3148 -
1804 3114 1898 3163 148
1934 3110 1987 3162 εἴ
2022 3110 2078 3161 τ’
2112 3109 2311 3174 ἐχέμεν
2336 3105 2426 3162 CG
2466 3107 2695 3163 Barocc.

414 3174 568 3229 Harl.
604 3175 875 3242 ἢτεχέμεν
920 3172 988 3229 D.
1034 3175 1188 3242 παρὰ
1233 3174 1377 3229 ACD
1478 3182 1621 3238 1176,
1660 3182 1725 3231 48
1771 3175 1917 3230 GHL
1964 3175 2001 3229 S
2042 3194 2084 3233 r.
2129 3176 2199 3229 τὸ
2250 3177 2401 3263 παρὰ
2439 3179 2521 3230 col
2567 3180 2698 3244 γρά-

412 3260 580 3309 φεται
615 3245 706 3297 καὶ
743 3241 895 3309 πάρα
931 3259 1012 3296 ςοι
1046 3241 1184 3297 Euat
1242 3249 1386 3308 1176,
1423 3249 1504 3301 57.
1541 3274 1607 3283 -
1647 3250 1741 3299 149
1779 3245 1928 3309 μάλα
1961 3193 2038 3298 Hy
2067 3246 2434 3298 κλυτοπευειν
2470 3244 2595 3303 vat.
2633 3275 2699 3284 -

417 3317 510 3366 151
549 3313 629 3366 ὥς
666 3328 728 3366 κε
765 3326 848 3363 τις
887 3309 950 3368 G.
987 3310 1046 3365 δέ
1079 3326 1164 3365 τις
1199 3310 1253 3364 H
1289 3328 1356 3365 ex
1393 3327 1535 3365 corr.
1575 3348 1639 3356 -
1682 3318 1775 3366 152
1810 3314 2021 3382 τρῲων
2049 3310 2155 3366 CL.
2185 3342 2241 3350 —
2288 3318 2382 3366 15¹3
2419 3313 2497 3367 ὣς
2533 3314 2592 3369 δέ
2615 3330 2700 3369 τις

413 3377 461 3432 D
507 3394 576 3432 ex
623 3396 762 3432 corr.
814 3376 927 3434 ΕΗ.
983 3378 1062 3432 ὼς
1107 3380 1169 3433 δέ
1217 3396 1301 3435 τις
1346 3378 1395 3431 D
1451 3387 1492 3437 1.
1538 3395 1687 3433 man.
1733 3378 1892 3433 Rom.
1949 3381 2061 3434 ὧδέ
2108 3396 2193 3435 τις
2246 3378 2436 3434 ACGL
2474 3379 2696 3435 Bai-occ.

413 3446 630 3501 Townl.
666 3444 853 3515 Frgm.
890 3444 1059 3504 Mose.
1094 3447 1287 3512 ὑμέων
1321 3446 1382 3500 Ε.
1423 3448 1684 3512 μάχεςθαι
1719 3446 1846 3503 ναὶ.
1885 3478 1950 3487 -
1996 3454 2094 3501 155
2134 3452 2208 3515 μὴ
2245 3451 2314 3516 δὴ
2360 3448 2512 3506 Euat.
2554 3454 2697 3510 1177,

412 3589 503 3637 53:
541 3580 671 3635 libri
707 3584 782 3650 μὴ
819 3584 884 3638 δ’.
923 3529 1213 3637 ΘΕὸἶΚΕΛ
1250 3580 1369 3649 Syr.
1408 3582 1458 3649 (ε
1496 3588 1541 3639 2.
1580 3598 1726 3636 man.
1764 3583 1933 3651 add.).
1971 3585 2165 3650 ἁχῖλεῡ
2203 3582 2261 3643 O.
2299 3533 2489 3651 ἁχιὲεῦ
2529 3584 2593 3642 D.
2637 3616 2682 3624 -

418 3655 510 3704 156
548 3668 588 3702 π
695 3652 750 3703 τί
788 3649 844 3708 C.
894 3679 952 3688 ·-
1008 3657 1100 3705 157
1141 3653 1560 3717 μαχηςαμένους
1597 3649 1673 3705 D:
1722 3652 1895 3705 ceteri
1941 3650 2072 3705 libri
2117 3654 2226 3704 mei
2276 3669 2383 3718 μαχ
2426 3655 2695 3715 ςομένους

408 3734 534 3772 cum
651 3718 877 3775 Bai-oce.
915 3716 1053 3772 Mor.
1090 3716 1244 3786 Lipa.
1290 3716 1418 3776 Vat.
1467 3716 1619 3771 Harl.
1657 3716 1814 3777 Vrat.
1853 3721 1917 3777 A.
1963 3719 2147 3790 Frgm.
2184 3718 2353 3773 Mose.
2444 3736 2550 3772 om.
2599 3738 2696 3786 μα-

408 3787 718 3906 ὗηςόμενος
754 3787 914 3841 Cant.
954 3815 1016 3825 —
1056 3791 1153 3840 159
1191 3786 1416 3841 πνεύςει
1450 3785 1678 3840 Barooo.
1716 3787 2096 3857 ἀμφοτέρῃςιν
2134 3785 2291 3840 Cant.
2329 3816 2396 3826 —·
2435 3794 2528 3841 161
2570 3788 2696 3842 ἀλκί

461 3895 476 3912 .
510 3883 577 3894 -
616 3859 712 3907 162
740 3856 886 3910 ΓΑΡ’
908 3852 1028 3920 Syr.
1064 3855 1214 3923 ἦμαρ
1249 3851 1316 3912 D.
1358 3855 1577 3909 ΗΜΑΡ’
1602 3854 1722 3922 Syr.
1758 3856 1907 3921 ἦμαρ
1945 3858 2034 3909 καὶ
2060 3854 2138 3909 εἰς
2162 3854 2222 3908 L.
2257 3885 2314 3894 —
2359 3860 2452 3909 163
2488 3855 2694 3910 ςίτοιοε

408 3924 643 3988 δόρποιο
679 3920 877 3976 Saldae
914 3921 957 3987 1,
999 3929 1042 3981 1.
1085 3926 1198 3988 168,
1235 3927 1285 3975 2.
1323 3954 1387 3963 -
1431 3928 1526 3977 164
1561 3923 1917 3987 πτολεμίζειν
1954 3921 2012 3977 C.
2042 3953 2098 3961 —
2145 3927 2239 3976 165
2276 3922 2454 3990 λάθρη
2490 3922 2600 3981 AC.
2631 3953 2692 3962 --

413 3994 507 4043 166
542 3989 676 4054 δίψά
709 4007 773 4044 τε
809 3989 867 4049 C.
913 4006 983 4045 τε
1014 3991 1197 4044 omitt.
1244 3987 1399 4048 Eunt.
1447 3994 1597 4051 1177,
1634 3997 1715 4044 35.
1763 3988 1911 4044 Flor.
1947 3989 2133 4058 Apoll.
2173 3988 2342 4058 Soph.
2382 3997 2462 4048 51,
2501 3997 2584 4045 29.
2634 3992 2695 4045 δέ

409 4056 461 4110 οἱ
496 4054 650 4110 Eunt.
687 4063 837 4120 1410.
877 4064 956 4117 18.
994 4088 1059 4098 —
1099 4064 1195 4112 168
1232 4059 1518 4124 πολεμίζει
1556 4056 1599 4111 Ε
1634 4056 1743 4118 bis;
1793 4057 1894 4112 sed
1940 4063 2081 4113 1180.
2125 4063 2180 4110 17
2220 4057 2505 4127 πολεμίζῃ.
2557 4075 2696 4113 παν-

413 4124 963 4248 ιιιὲιέριῖφνοτὲολὸεμίζεὲι
1000 4124 1182 4246 Βοὲιοί.
1216 4125 1266 4179 Ζ
1299 4132 1415 4180 265.
1464 4156 1511 4164 .„
1560 4131 1658 4178 169
1692 4127 1761 4179 νύ
1797 4142 1888 4179 τοι
1923 4124 2134 4181 Townl.
2173 4123 2541 4195 Pseudoplut.
2580 4133 2696 4195 159,

482 4228 495 4243 .
815 4210 897 4261 yr.
963 4210 1017 4247 νι
1108 4238 1122 4252 .

545 4375 613 4432 A.
652 4394 700 4430 c.
774 4381 868 4430 117
907 4378 1056 4445 πάρα
1092 4377 1275 4433 Schol.
1313 4377 1373 4432 B.
