3144 5006
1255 409 1593 464 ΙΛΙΑΔΟ(
1656 407 1802 463 XVI.
2558 409 2675 475 101

566 571 643 649 τῇ
686 564 900 631 ἴκελος
941 564 1280 644 Πάτροκλε
1323 563 1508 643 τέρεν
1551 564 1713 628 κατὰ
1755 563 2036 644 δάκρυον
2081 563 2286 644 εἴβεις.

567 666 641 745 ἦέ
683 688 743 732 τι
787 667 1250 747 Μυρμιδόνεςςι
1292 665 1709 749 πιφαύςκεαι,
1754 664 1792 743 ἦ
1838 666 1979 744 ἐμοὶ
2020 664 2232 751 αὐτῷ,

563 768 638 847 ἦέ
681 769 798 835 τιν’
840 767 1140 847 ἀγγελίην
1183 767 1380 847 Φθίης
1422 767 1489 832 ἐξ
1531 767 1755 857 ἔκλυες
1797 765 1970 843 οίος;

564 871 756 936 Ζώειν
801 871 926 948 μὰν
971 869 1062 934 ἔτι
1107 871 1260 951 φαςὶ
1305 869 1684 947 Μενοίτιον,
1728 869 2037 949 Ἄκτορος
2082 868 2260 952 υἱόν,

443 976 520 1035 15
565 973 715 1037 Ζώει
757 972 814 1036 δ’
855 971 1148 1051 Αἰακίδης
1189 971 1446 1051 Πηλεὺς
1488 972 1645 1050 μετὰ
1690 970 2186 1054 Μυρμιδόνεςςι,

562 1076 697 1140 τῶν
741 1094 810 1138 κε
854 1073 998 1151 μάλ’
1040 1072 1428 1153 ἀμφοτέρων
1474 1071 1866 1153 ἀκαχοίμεθα
1907 1072 2309 1152 τεθνηώτων.

564 1174 639 1253 ἦε
683 1174 755 1239 ςύ
800 1175 859 1251 γ’
904 1173 1205 1254 Ἀργείων
1251 1173 1643 1258 ὀλοφύρεαι,
1688 1173 1779 1238 ὡς
1823 1172 2163 1239 ὀλέκονται

565 1276 782 1356 νηυςὶν
827 1276 932 1342 ἔπι
974 1279 1374 1360 γλαφυρῇςιν
1419 1275 1798 1358 ὑπερβαςίης
1843 1276 2030 1341 ἕνεκα
2076 1279 2268 1356 ςφῆς;

563 1378 830 1458 ἐξαύδα,
877 1379 957 1456 μὴ
1002 1381 1187 1443 κεῦθε
1232 1377 1401 1462 νόῳ,
1442 1377 1556 1444 ἵνα
1598 1376 1856 1458 εἴδομεν
1900 1376 2120 1458 ἄμφω.

438 1485 521 1543 20
731 1480 849 1545 τὸν
894 1482 966 1544 δὲ
1012 1480 1170 1560 βαρὺ
1217 1479 1542 1560 ςτενάχων
1589 1479 1923 1560 προςέφης
1963 1479 2356 1559 Πατρόκλεις
2400 1478 2628 1545 ἱππεῦ·

563 1580 616 1645 ὦ
663 1582 938 1664 Ἀχιλεῦ,
981 1582 1238 1661 Πηλέος
1283 1580 1411 1665 υἱέ,
1454 1582 1616 1660 μέγα
1660 1581 1923 1662 φέρτατ’
1966 1581 2269 1664 Ἀχαιῶν,

561 1685 642 1762 μὴ
688 1684 943 1763 νεμέςα·
988 1686 1171 1749 τοῖον
1214 1683 1339 1762 γὰρ
1383 1682 1543 1763 ἄχος
1589 1683 1873 1763 βεβίηκεν
1919 1682 2229 1761 Ἀχαιούς.

562 1785 628 1849 οἳ
670 1788 785 1864 μὲν
829 1787 957 1864 γὰρ
1001 1787 1079 1864 δὴ
1124 1784 1397 1867 πάντες,
1443 1783 1584 1849 ὅςοι
1628 1783 1840 1863 πάρος
1882 1781 2041 1860 ἧςαν
2087 1780 2359 1865 ἄριςτοί,

566 1887 637 1953 έν
682 1888 899 1966 νηυςὶν
943 1888 1160 1952 κέαται
1207 1886 1580 1967 βεβλημένοι
1623 1884 1966 1965 οὐτάμενοί
2008 1906 2097 1951 τε.

435 1993 515 2051 25
565 1989 858 2069 βέβληται
904 1989 1020 2068 μὲν
1065 1988 1103 2052 ὁ
1148 1988 1484 2067 Τυδείδης,
1531 1987 1839 2067 κρατερὸς
1883 1987 2244 2070 Διομήδης,

560 2089 856 2156 οὔταςται
899 2090 958 2154 δ’
999 2087 1299 2155 Ὀδυςεὺς
1343 2090 1529 2169 δουρὶ
1570 2088 1801 2154 κλυτὸς
1842 2087 1943 2166 ἠδ’
1987 2089 2431 2172 Ἀγαμέμνων,

564 2191 855 2272 βέβληται
901 2194 973 2257 δὲ
1016 2193 1120 2256 καὶ
1162 2190 1537 2270 Εὐρύπυλος
1582 2191 1742 2256 κατὰ
1784 2190 1989 2276 μηρὸν
2035 2188 2250 2271 ὀιςτῷ.

559 2294 712 2359 τοὺς
756 2294 871 2373 μέν
915 2293 971 2356 τ’
1013 2293 1215 2373 ἰητροὶ
1256 2292 1757 2373 πολυφάρμακοι
1801 2290 2272 2372 ἀμφιπένονται

560 2395 723 2460 ἕλκε’
766 2392 1152 2475 ἀκειόμενοι·
1201 2394 1272 2459 ςὺ
1317 2394 1375 2459 δ’
1418 2393 1750 2473 ἀμήχανος
1793 2392 1991 2459 ἔπλευ
2036 2393 2342 2474 Ἀχιλλεῦ.

524 2564 594 2618 V.
631 2583 677 2620 1..
751 2518 812 2617 11
847 2564 1036 2618 ἴκελος
1072 2561 1327 2618 CDEGL.
1363 2579 1507 2617 κατα
1542 2560 1812 2617 ADGHL.
1848 2593 1916 2601 —
1956 2568 2017 2615 12
2060 2563 2129 2628 ἦέ
2174 2565 2225 2615 A
2258 2561 2344 2617 J0.
2380 2562 2545 2617 Alex.
2584 2569 2670 2630 42,

388 2637 445 2689 5:
481 2631 660 2686 ceteri
695 2632 779 2699 ἠέ.
814 2633 849 2698 ἦ
886 2632 968 2684 ἔτι
992 2630 1174 2687 Cram.
1201 2629 1303 2699 Ep.
1332 2635 1446 2696 193,
1471 2636 1519 2684 5.
1555 2630 1624 2697 ἢέ
1661 2628 1728 2682 D.
1765 2632 1801 2697 ἢ
1838 2631 1926 2685 ἐτι
1950 2628 2006 2695 S,
2031 2631 2101 2683 cf.
2141 2632 2187 2685 Ο
2214 2636 2330 2685 736.
2372 2632 2672 2697 πιφάςκεαι

389 2700 426 2753 S
460 2699 648 2768 Apoll.
686 2699 758 2754 de
794 2700 947 2768 Synt.
991 2705 1100 2759 137,
1135 2706 1185 2751 4.
1219 2699 1256 2765 ἦ
1295 2701 1342 2752 A
1378 2696 1461 2750 J0.
1498 2696 1659 2751 Alex.
1687 2704 1768 2752 42.
1806 2704 1866 2751 5:
1900 2698 2077 2751 ceteri
2111 2700 2166 2764 ἢ.
2201 2727 2267 2738 -
2304 2705 2368 2753 13
2403 2699 2473 2765 ἦέ
2509 2698 2558 2751 A
2582 2698 2668 2753 J0.
2790 2732 2799 2739 ·

389 2767 547 2823 Alex.
582 2774 671 2834 42,
706 2774 753 2822 6.
790 2769 858 2835 ἢέ
894 2765 960 2820 D.
998 2764 1176 2820 ceteri
1219 2766 1303 2833 ἠέ.
1351 2767 1406 2820 ἐξ
1451 2765 1618 2820 ACH.
1663 2765 1719 2820 ἐξ
1765 2764 1815 2831 G
1859 2764 2016 2819 Cant.
2063 2764 2274 2823 Townl.
2322 2765 2474 2834 Lips.
2522 2765 2671 2820 Flor.

388 2836 642 2891 ἐξέκλυες
677 2834 727 2889 D
756 2841 802 2887 1.
839 2850 987 2891 man.
1012 2833 1113 2888 LS.
1149 2834 1233 2898 ἐξ,
1270 2834 1462 2887 έκλυες
1499 2832 1547 2886 D
1574 2831 1835 2900 (diastole
1871 2838 1920 2885 2.
1945 2847 2097 2886 man.
2121 2832 2295 2899 add.).
2334 2864 2394 2874 —
2435 2838 2499 2887 14
2535 2836 2669 2900 μὰνε

388 2906 490 2971 μὲν
523 2903 585 2957 Ε.
622 2939 688 2948 -
725 2908 789 2957 15
824 2919 965 2970 μετα
999 2905 1063 2956 A.
1111 2902 1494 2969 μυρμιδόνεςςι
1538 2899 1803 2958 ACDGH.
1855 2929 1919 2940 -
1967 2905 2030 2954 16
2065 2905 2185 2954 τῶν
2222 2904 2313 2955 καὶ
2350 2900 2417 2955 D.
2465 2902 2669 2970 ἀκαχή-

388 3043 529 3105 μεθα
573 3037 713 3093 CGL
751 3037 904 3092 Vrat.
952 3038 1017 3094 A.
1071 3037 1424 3106 τεθνηώτων
1469 3035 1557 3091 CL
1602 3035 1761 3090 Cant.
1806 3034 1948 3090 Mor.
1985 3035 2145 3091 Vrat.
2182 3037 2249 3090 A.
2300 2986 2663 3092 τεθνειἿύτων

386 3174 453 3231 D.
507 3124 869 3252 τεθνὲιιώτων
912 3174 978 3228 A.
1030 3156 1394 3228 τεθνειώτων
1438 3171 1646 3227 EGHS.
1704 3200 1768 3211 -—
1823 3177 1887 3225 17
1934 3175 2000 3239 ἦε
2044 3172 2095 3225 A
2146 3172 2233 3231 J0.
2280 3171 2441 3228 Alex.
2485 3178 2567 3233 42.
2607 3179 2639 3228 7
2651 3195 2665 3226 :

387 3243 558 3297 oeten
595 3244 679 3309 ἠέ.
731 3272 798 3281 -
856 3248 916 3296 18
951 3244 1043 3297 ἐπὶ
1079 3239 1341 3299 CDGHL.
1379 3241 1471 3295 ἐπι
1506 3241 1574 3294 A.
1628 3257 1656 3294 ς
1706 3244 1792 3307 ῆις
1829 3239 1887 3294 C.
1935 3269 2005 3281 —
2054 3247 2115 3294 19
2150 3241 2354 3296 ἑξαῦδα
2389 3239 2459 3295 Η.
2500 3271 2568 3281 -
2602 3248 2670 3295 20

388 3311 553 3430 30¹po
591 3311 879 3377 ςτενάχων
914 3310 976 3364 A
1026 3311 1457 3429 affuerevdxmv
1494 3307 1637 3363 CDE
1689 3306 1749 3360 L.
1795 3309 1845 3361 δ’
1881 3307 2329 3375 ἀπαμειβόμενος
2364 3306 2530 3363 ahot.
2569 3307 2664 3363 Gr.

385 3379 438 3432 11
467 3420 481 3444 ,
519 3384 602 3443 88,
639 3384 725 3433 30.
765 3380 1023 3446 προςέφη
1153 3383 1194 3435 1.
1231 3392 1379 3430 man.
1421 3374 1457 3429 S
1492 3376 1718 3431 Baroco.
1752 3374 2102 3454 Llps2V1-at.
2135 3377 2201 3433 A.
2237 3376 2292 3430 d.
2328 3377 2668 3443 Πατροκλῆς

386 3445 544 3567 vg...
584 3446 638 3499 ‘¹'
676 3446 881 3568 ἱπτὲεὺ(
908 3444 1241 3567 ᾖέὀῧῖἳ·
1263 3443 1589 3581 ιῖιῖῗῗὲὶῧ
1624 3442 2139 3580 ἓπ-ἱῠὲῗᾞλέἒε
2170 3445 2382 3567 ἱὸῖιέἒι
2407 3439 2667 3567 53ρῖἓῖξὲ

385 3531 770 3636 ἒᾶαῗηῖἷῗοᾶ.
789 3530 1056 3650 Quum?
1085 3581 1170 3635 υιὲ
1205 3581 1346 3646 μέγα
1380 3583 1548 3636 nobo<
1586 3581 1829 3647 Ἀχαιῶν
1863 3529 2199 3635 Ριηῗαιοιωε
2235 3580 2305 3635 de
2328 3531 2664 3650 Afidf'poat.

395 3673 465 3718 13.
503 3695 569 3706 --
604 3671 671 3720 23
708 3665 757 3720 εί
792 3666 895 3732 μὲν
928 3667 1036 3733 γὰρ
1073 3664 1138 3718 G.
1184 3661 1316 3721 ’ἑςαν
1352 3664 1419 3719 G.
1458 3695 1523 3704 —
1558 3670 1627 3719 24
1662 3666 1821 3733 νηυςὶ
1856 3662 1996 3719 CDE
2029 3665 2178 3743 Lipa
2215 3695 2283 3704 —
2325 3671 2392 3719 25
2428 3667 2667 3734 βέβλητο

385 3732 545 3787 Vrat.
589 3734 657 3790 A.
701 3763 766 3773 —
817 3738 884 3786 26
937 3735 1196 3789 ὸδυςςεὺς
1244 3730 1309 3786 G.
1366 3736 1523 3801 δουρὶ
1571 3735 1778 3788 κλυτὸς
1810 3734 1893 3788 A:
1948 3735 2121 3789 oeten
2165 3735 2547 3801 δουρικλυτὸς.
2593 3764 2659 3772 -

385 3807 451 3854 27
485 3817 630 3855 κατα
665 3800 735 3858 Η.
774 3831 841 3841 -
875 3806 941 3855 28
977 3802 1080 3868 μέν
1114 3804 1171 3865 γ’
1204 3801 1265 3855 Ε.
1305 3802 1408 3868 μὲν
1445 3802 1629 3870 ἰητροὶ
1664 3801 1708 3854 L
1743 3801 1898 3861 Harl.
1936 3801 1999 3855 Li
2044 3820 2088 3856 ο.
2129 3802 2341 3871 είητροί
2377 3800 2441 3859 G.
2488 3802 2664 3868 ἀμφε-

386 3870 632 3923 πένοντο
683 3867 841 3924 Eust.
895 3875 995 3925 887
1058 3874 1109 3926 3.
1169 3899 1230 3908 -
1281 3874 1348 3923 29
1402 3871 1565 3925 ἕλκος
1610 3871 1944 3936 ἀκειόμενον
2039 3869 2182 3940 poll.
2227 3868 2395 3939 Soph.
2454 3876 2536 3937 19,
2585 3875 2662 3928 11.

384 3935 698 4003 ἀκειάμενοι
732 3936 925 3992 ACHL
961 3910 1119 3992 V²rat.
1156 3938 1222 3991 A.
1259 3937 1420 3992 Rom.
1461 3939 1654 4005 ἀχῖλεῦ
1692 3936 1748 3994 C.

522 4090 586 4142 A.
623 4107 672 4146 c.
745 4096 806 4144 12
851 4093 886 4156 ἢ
941 4092 1064 4157 ἐμοὶ
1110 4089 1443 4158 Apollonius
1486 4089 1556 4143 de
1599 4088 1767 4144 Pron.
1815 4096 1879 4144 57
1927 4090 1988 4146 B.
2033 4090 2103 4145 de
2157 4090 2315 4158 Synt.
2371 4095 2482 4152 137,
2521 4097 2569 4144 4.
2622 4093 2659 4159 ἦ

385 4156 754 4211 Herodianus.
777 4187 846 4198 —
883 4163 944 4212 16
981 4161 1068 4213 διὰ
1103 4163 1206 4213 τοῦ
1240 4164 1276 4171 “
1314 4159 1685 4226 τεθνηιώτων
1713 4158 1835 4225 (sio)
1860 4158 1917 4212 αἱ
1942 4159 2273 4226 ἀριςτάρχου
2311 4156 2660 4226 Didymus,

385 4254 452 4264 —
486 4231 550 4278 21
589 4225 828 4291 Πηλέως
864 4226 975 4280 υἱέε
1021 4228 1210 4281 οὕτως
1304 4229 1618 4290 τολεμαῖος.
1662 4226 1715 4280 οί
1758 4227 1819 4280 δὲ
1852 4228 2436 4295 ὑπομνηματιςάμενοι
2475 4228 2663 4281 Ἰακῶς

387 4293 445 4360 (i.
483 4308 531 4346 ο.
565 4293 814 4363 Πηλέος)
859 4292 1042 4348 Schol.
1079 4293 1146 4352 V.
1189 4324 1255 4334 -
1302 4300 1368 4348 25
1410 4293 1787 4363 ἀριςτοφάνης
1833 4296 1941 4350 ἔξω
1987 4298 2092 4348 τοῦ
2139 4295 2349 4363 ἄρθρου
2403 4293 2662 4365 βέβληται

387 4362 490 4427 μὲν
524 4360 776 4429 τυδείδης
812 4361 1161 4433 Didymus.
