3144 5006
1265 412 1602 469 ΙΛΙΑΔΟ(
1657 411 1855 467 XXIII.
2567 411 2690 476 327

406 574 528 632 325
575 569 716 633 ἀλλ’
760 569 889 648 ἔχει
933 567 1275 650 ἀςφαλέως
1321 569 1425 634 καὶ
1468 567 1586 633 τὸν
1629 566 2006 646 προῦχοντα
2049 567 2318 633 δοκεύει.

572 674 733 751 ςῆμα
776 670 847 735 δέ
890 692 992 736 τοι
1037 672 1202 751 ἐρέω
1248 672 1391 752 μάλ’
1438 670 1822 753 ἀριφραδές,
1872 669 2027 734 οὐδέ
2072 690 2137 735 ςε
2183 669 2372 747 λήςει.

575 773 790 852 ἕςτηκε
834 774 1031 839 ξύλον
1077 771 1272 855 αὖον,
1319 773 1474 838 ὅςον
1518 772 1574 836 τ’
1618 770 1843 853 ὄργυι’,
1891 770 2051 850 ὑπὲρ
2097 770 2270 853 αἴης,

570 876 609 953 ἢ
655 875 851 953 δρυὸς
894 876 933 953 ἢ
981 875 1234 954 πεύκης.
1324 875 1399 939 τὸ
1445 874 1560 954 μὲν
1608 873 1688 937 ού
1734 874 2158 938 καταπύθεται
2203 870 2455 957 ὄμβρῳ,

570 979 683 1041 λᾶε
728 978 800 1041 δὲ
842 980 961 1041 τοῦ
1007 976 1343 1056 ἑκάτερθεν
1391 976 1765 1054 ἐρηρέδαται
1810 975 1929 1040 δύο
1974 977 2182 1040 λευκὼ

402 1083 526 1142 330
571 1079 640 1143 ἐν
685 1084 1021 1162 ξυνοχῇςιν
1065 1078 1252 1154 ὁδοῦ,
1300 1075 1476 1142 λεῖος
1522 1077 1580 1141 δ’
1624 1076 2027 1157 ἱππόδρομος
2073 1076 2301 1159 ἀμφίς,

565 1180 603 1258 ἦ
649 1200 759 1245 τευ
806 1184 965 1260 ςῆμα
1011 1182 1273 1260 βροτοῖο
1318 1180 1515 1244 πάλαι
1560 1185 2113 1261 κατατεθνηῶτος,

568 1283 606 1360 ἢ
650 1283 726 1346 τό
771 1302 843 1359 γε
889 1283 1083 1348 νύςςα
1126 1283 1387 1347 τέτυκτο
1433 1282 1535 1346 ἐπὶ
1580 1282 1920 1361 προτέρων
1968 1280 2364 1362 ἀνθρώπων,

566 1384 671 1448 καὶ
712 1388 832 1450 νῦν
876 1385 1127 1464 τέρματ’
1172 1384 1355 1464 ἔθηκε
1400 1384 1728 1462 ποδάρκης
1772 1386 1914 1448 δῖος
1957 1383 2298 1462 Ἀχιλλεύς.

564 1491 656 1569 τῷ
704 1486 775 1550 ςὺ
822 1486 964 1566 μάλ’
1011 1486 1366 1565 ἐγχρίμψας
1410 1486 1607 1551 ἐλάαν
1654 1484 1883 1565 ςχεδόν
1929 1483 2097 1565 ἅρμα
2141 1485 2242 1550 καὶ
2284 1484 2558 1568 ἵππους,

397 1590 520 1648 335
566 1586 763 1652 αὐτὸς
809 1589 880 1652 δὲ
926 1590 1252 1667 κλινθῆναι
1296 1588 1627 1672 ἑυπλέκτῳ
1675 1588 1768 1652 ἐνὶ
1812 1586 2024 1671 δίφρῳ

563 1688 663 1768 ἦκ’
706 1688 808 1753 ἐπ’
850 1688 1142 1769 ἀριςτερὰ
1184 1693 1378 1755 τοῖιν·
1427 1688 1588 1767 ἀτὰρ
1632 1689 1748 1753 τὸν
1794 1689 2005 1754 δεξιὸν
2047 1688 2253 1754 ἵππον

566 1791 776 1855 κένςαι
822 1790 1214 1875 ὁμοκλήςας,
1262 1789 1421 1858 εἶξαί
1463 1791 1533 1856 τέ
1580 1789 1642 1855 οἱ
1686 1790 1833 1868 ἡνία
1876 1790 2108 1869 χερςίν.

563 1891 634 1956 ἐν
679 1891 870 1976 νύςςῃ
915 1894 986 1957 δέ
1029 1913 1130 1957 τοι
1171 1891 1372 1958 ἵππος
1419 1892 1750 1972 ἀριςτερὸς
1796 1892 2278 1976 ἐγχριμφθήτω,

567 1994 657 2058 ως
700 1993 781 2058 ἄν
826 2015 926 2059 τοι
970 1997 1223 2074 πλήμνη
1267 2015 1342 2072 γε
1387 1994 1719 2060 δοάςςεται
1763 1993 1963 2072 ἄκρον
2007 1992 2238 2060 ἱκέςθαι

401 2099 526 2158 340
573 2095 807 2160 κύκλου
852 2099 1177 2175 ποιητοῖο·
1223 2096 1405 2162 λίθου
1451 2097 1507 2161 δ’
1550 2095 1851 2161 ἀλέαςθαι
1898 2096 2232 2175 ἐπαυρεῖν,

560 2198 643 2278 μή
690 2218 828 2263 πως
867 2196 1109 2265 ἵππους
1153 2219 1222 2264 τε
1263 2200 1511 2281 τρώςῃς
1556 2197 1715 2263 κατά
1762 2198 1818 2261 θ’
1862 2195 2111 2277 ἅρματα
2155 2196 2334 2282 ἄξῃς·

558 2298 769 2381 χάρμα
813 2302 884 2366 δὲ
926 2303 1064 2365 τοῖς
1111 2300 1433 2383 ἄλλοιςιν,
1479 2301 1769 2379 ἐλεγχείη
1815 2300 1886 2364 δὲ
1932 2300 2031 2365 ςοὶ
2075 2298 2250 2383 αὐτῷ

562 2400 817 2467 ἔςςεται.
906 2403 1074 2468 ἀλλὰ
1122 2404 1317 2483 φίλος
1361 2403 1673 2483 φρονέων
1716 2402 2219 2482 πεφυλαγμένος
2264 2400 2446 2468 εἶναι.

562 2503 617 2569 εἰ
658 2505 781 2583 γάρ
826 2505 881 2569 κ’
925 2505 996 2571 ἐν
1042 2505 1232 2588 νύςςῃ
1275 2526 1349 2581 γε
1393 2505 1907 2588 παρεξελάςῃςθα
1951 2506 2235 2588 διώκων,

392 2610 515 2668 345
562 2605 683 2670 οὐκ
725 2605 850 2671 ἔςθ’
897 2606 970 2672 ὅς
1013 2608 1082 2671 κέ
1128 2608 1179 2671 ς’
1224 2606 1393 2690 ἕλῃςι
1437 2606 1860 2687 μετάλμενος,
1908 2604 2063 2670 οὐδὲ
2109 2608 2429 2690 παρέλθῃ,

526 2840 593 2898 V.
629 2860 679 2898 1..
749 2848 850 2896 326
886 2842 1068 2896 omitt.
1106 2841 1263 2896 Vrat.
1289 2841 1345 2895 b.
1369 2871 1435 2881 -
1471 2846 1570 2894 327
1608 2842 1807 2907 ἔςτηκε
1831 2839 1902 2899 H.
1939 2842 2076 2896 ὄςόν
2101 2843 2154 2895 τ’
2177 2841 2297 2895 AH.
2335 2842 2497 2910 γαίης
2522 2841 2590 2899 D.
2622 2874 2678 2882 —

388 2915 490 2964 329
525 2911 684 2964 τοῦδ’
718 2908 776 2961 L.
816 2911 1081 2978 ἑκάτερθε
1116 2908 1177 2963 L.
1214 2940 1281 2949 --
1317 2916 1412 2964 331
1452 2911 1488 2977 ἤ
1526 2925 1592 2963 τε
1628 2906 1697 2962 D.
1733 2914 2208 2976 κατατεθνήωτος
2253 2908 2297 2962 L
2333 2910 2484 2979 Lips.
2522 2910 2680 2965 Cant.

390 3044 531 3098 Mor.
565 3043 721 3099 Vrat.
759 3046 828 3102 A.
866 3050 1351 3100 κατατεθνειῶτος
1386 3046 1452 3102 A.
1502 3047 1986 3099 κατατεθνειῶτος
2026 3043 2286 3105 ΟΒΕΘΗ,
2333 3076 2399 3085 -
2448 3052 2545 3101 332
2589 3048 2681 3102 ἐπι

388 3111 507 3165 AD.
547 3143 608 3151 —
645 3119 745 3167 333
781 3115 937 3181 τέρμ’
971 3113 1028 3171 C.
1064 3115 1329 3182 ποδώκης
1365 3112 1402 3166 S
1439 3112 1598 3167 Cant.
1635 3114 1860 3180 ἀχῖλεύς
1885 3112 1944 3167 C.
1980 3143 2045 3152 —
2083 3119 2183 3168 334
2220 3116 2267 3182 ᾧ
2307 3113 2368 3168 Ε.
2409 3115 2678 3182 ἐγχρίψας

390 3180 482 3235 DS
529 3179 687 3234 Cant.
732 3180 888 3235 Harl.
935 3180 1074 3240 Mor.
1118 3180 1290 3236 Mose.
1339 3187 1386 3237 2.
1432 3180 1593 3237 Vrat.
1638 3181 1705 3234 A.
1758 3182 2119 3248 ἐγχριμφθείς
2167 3179 2210 3233 L
2254 3181 2403 3250 Lips.
2458 3213 2520 3222 —-
2577 3190 2676 3237 335

391 3249 692 3303 εύπλέκτω
730 3246 842 3301 HL.
892 3251 1153 3305 ἐϋξέςτωι
1198 3250 1297 3318 ἐιΙμ
1345 3250 1524 3315 (ἐπίῖ)
1562 3247 1628 3303 D.
1678 3252 1764 3304 ὲνῖ
1808 3248 1877 3303 Η.
1926 3253 2083 3305 κλινθ
2126 3267 2216 3304 ναι
2260 3252 2320 3304 δὲ
2364 3254 2455 3304 καὶ
2503 3252 2676 3305 αὐτὸς

393 3318 641 3385 ἐϋξὲςτῳ
678 3316 840 3372 Plato
880 3318 980 3371 Ion
1026 3322 1125 3371 537
1170 3319 1235 3372 A.
1282 3316 1345 3374 B.
1391 3318 1653 3372 ἐϋξέςτου
1700 3317 1795 3371 ἐπὶ
1840 3317 2045 3385 δίφρου
2142 3317 2402 3387 enophon
2446 3318 2678 3373 Conviv.

386 3384 485 3450 IV,
512 3391 559 3439 6.
597 3413 665 3424 —
701 3391 799 3439 336
835 3384 1170 3453 ἐπαριςτερὰ
1192 3384 1254 3441 Ε.
1293 3415 1358 3425 -
1391 3389 1492 3439 337
1527 3401 1593 3438 τε
1619 3385 1672 3440 ol
1695 3384 1758 3439 E.
1787 3415 1849 3424 —
1885 3392 1986 3441 338
2021 3388 2123 3441 νύς
2165 3404 2183 3439 ι
2207 3385 2272 3441 D.
2312 3387 2676 3453 ἑγχριφθὴτω

387 3453 482 3506 DL
518 3452 678 3507 Vrat.
713 3452 768 3508 b.
809 3457 872 3510 A.
921 3452 1068 3521 Lips.
1113 3452 1258 3507 Flor.
1303 3452 1463 3506 Rom.
1500 3482 1565 3491 —
1618 3457 1718 3507 339
1755 3454 1833 3506 ὠς
1880 3456 1953 3518 μή
2001 3471 2088 3507 τοι
2171 3453 2289 3507 lato
2327 3453 2360 3509 l.
2396 3454 2433 3507 l.
2482 3456 2676 3522 πλήμη

384 3520 428 3573 L
463 3520 610 3589 Lips.
646 3521 957 3576 δοάςςεταιι
994 3522 1265 3576 διόςςεται
1298 3519 1361 3575 Ε.
1401 3552 1465 3560 -
1511 3526 1608 3574 311
1648 3537 1772 3575 πως
1809 3520 1990 3575 omitt.
2031 3520 2097 3577 H.
2146 3523 2212 3576 τὲ
2246 3521 2316 3579 H.
2367 3524 2572 3590 τρόςῃς
2607 3521 2674 3576 G.

384 3591 617 3657 τρώςεις
652 3587 807 3646 Vrat.
847 3589 898 3643 d.
935 3606 1078 3643 κατα
1113 3588 1178 3647 D.
1225 3620 1290 3628 -
1334 3594 1433 3643 342
1479 3588 1762 3656 ἐλεγχείηε
1807 3589 1983 3654 ἀεικίη
2030 3590 2212 3658 Apoll.
2259 3588 2430 3658 Soph.
2474 3598 2554 3655 10,
2592 3598 2673 3649 30.

382 3658 446 3713 δέ
483 3674 563 3712 cot
599 3656 714 3711 HL.
752 3660 812 3711 δε
839 3673 920 3711 cot
954 3655 1021 3715 D.
1058 3686 1123 3696 —·
1160 3662 1259 3711 343
1303 3658 1513 3711 έςςεται
1549 3659 1585 3723 ἢ
1624 3659 1802 3712 έςςεαι
1835 3655 1897 3714 Ε.
1947 3659 2097 3712 ἔςται
2141 3657 2325 3725 Apoll.
2373 3655 2543 3726 Soph.
2600 3665 2676 3724 10,

384 3734 467 3781 30.
506 3755 571 3765 -
607 3732 707 3779 344
752 3725 804 3778 εἴ
849 3740 957 3791 περ
993 3726 1165 3793 νύςςη
1202 3723 1263 3779 Ε.
1307 3741 1408 3779 κεν
1443 3727 1636 3845 νύςςὸι
1673 3724 1783 3780 CD.
1833 3727 2010 3791 παρὲξ
2047 3725 2322 3793 ἐλάςηςθα
2363 3724 2420 3778 C.
2468 3755 2530 3763 -
2577 3732 2676 3780 345

383 3798 446 3849 ὅς
482 3796 533 3860 χ’
569 3796 720 3862 ἔληςι
757 3791 816 3846 C.
854 3794 1043 3860 ἔλληςι
1076 3792 1135 3848 L.
1173 3795 1440 3860 παρέλθοι
1480 3791 1570 3846 AC
1628 3791 1860 3847 EGHLS
1898 3793 2056 3847 Cant.
2093 3791 2231 3849 Mor,
2265 3792 2421 3851 Harl.
2458 3793 2672 3852 'I'ownL

382 3860 527 3929 Lips.
583 3861 750 3914 Mose.
799 3868 848 3915 2.
894 3859 1045 3917 Vrat.
1096 3861 1149 3919 b.
1196 3860 1249 3914 d.
1294 3863 1360 3916 A.
1417 3862 1667 3928 παρέλθῃ
1714 3862 1829 3915 iam
1883 3878 1920 3915 a
1963 3860 2239 3929 principio
2286 3860 2501 3914 editum
2552 3864 2676 3915 erat

388 3929 619 3984 fortasse
656 3946 724 3983 ex
761 3929 1101 3983 coniectura.

524 4165 588 4221 A.
625 4184 672 4220 c.
741 4173 838 4221 327
873 4168 1181 4222 δαςυντέον
1215 4171 1307 4222 καὶ
1344 4170 1864 4234 προπεριςπαςτέον
1908 4170 1978 4222 τὸ
2023 4168 2168 4222 αὖον
2203 4166 2667 4227 Herodianus,

389 4234 529 4286 conf.
566 4232 720 4287 Euat.
763 4241 910 4302 1304,
949 4244 996 4288 ι’.
1036 4237 1100 4290 ἐν
1134 4252 1274 4289 τιςιν
1312 4237 1490 4303 ὄργυι’
1524 4239 1605 4290 ἐνὶ
1643 4236 1769 4303 γαίῃ
1806 4234 2153 4302 Didymus,
2201 4266 2260 4275 -·
2308 4241 2425 4300 332,
2463 4241 2563 4288 333
2601 4236 2667 4301 ἠὲ

390 4304 446 4365 (ἢ
482 4302 614 4366 τόγε
650 4299 717 4369 Ε)
753 4303 934 4369 ςκίρος
972 4306 1101 4372 ἔην.
1136 4309 1239 4358 νῦν
1275 4304 1346 4358 αὖ
1388 4306 1526 4359 Θέτο
1562 4304 1794 4371 τέρματ’
1837 4306 2094 4370 ἀχιλλεύς
2133 4302 2483 4358 Aristarchus
2517 4302 2669 4355 teste

390 4367 572 4426 Schol.
610 4368 659 4424 V
697 4372 758 4423 et
788 4368 943 4424 Euat.
984 4376 1130 4439 1304,
1167 4377 1249 4427 25.
