3144 5006
1283 441 1621 497 ΙΛΙΑΔΟΕ
1677 439 1826 494 XIX.
2573 439 2700 502 209

581 596 899 663 ἀεπαςίως
941 596 1158 661 αὐτῶν
1203 595 1366 673 γόνυ
1410 594 1725 680 κάμψειν,
1770 593 1844 659 ὅς
1888 614 1957 659 κε
2003 594 2239 677 φύγῃςι

581 700 764 778 δηίου
810 700 879 764 ἐκ
923 699 1235 778 πολέμοιο
1280 696 1389 762 ὑπ’
1433 695 1658 776 ἔγχεος
1700 696 2052 776 ἡμετέροιο.

761 801 852 865 ὣς
897 800 1104 884 ἔφαθ’,
1152 800 1216 864 οἳ
1262 800 1319 864 δ’
1364 798 1681 878 ἑχάρηςαν
1727 798 2102 877 ἐυκνήμιδες
2147 798 2388 877 Ἀχαιοὶ

458 907 537 967 75
582 906 767 984 μῆνιν
812 902 1204 968 ἀπειπόντος
1248 900 1615 982 μεγαθύμου
1659 900 2060 979 Πηλεΐωνος.

583 1007 741 1070 τοῑςι
785 1006 857 1068 δὲ
902 1005 1004 1069 καὶ
1047 1005 1374 1085 μετέειπεν
1419 1001 1579 1070 ἄναξ
1623 1002 1884 1082 ἀνδρῶν
1929 1002 2342 1081 Ἀγαμέμνων

582 1106 855 1173 αὐτόθεν
901 1107 965 1172 ἐξ
1012 1106 1230 1186 ἕδρης.
1279 1105 1420 1172 οὐδ’
1465 1106 1535 1171 ἐν
1583 1106 1890 1186 μέςεοιςιν
1935 1103 2238 1169 ἀναςτάς·

763 1206 816 1271 ὦ
862 1208 1077 1290 φίλοι,
1123 1205 1332 1286 ἥρωες
1373 1208 1664 1290 Δαναοί,
1710 1206 2100 1285 θεράποντες
2143 1206 2376 1284 Ἄρηος
2389 1255 2407 1287 ,

588 1309 909 1376 ἑςταότος
935 1311 1050 1391 μὲν
1098 1310 1297 1375 καλὸν
1344 1308 1636 1386 ἀκούειν,
1684 1307 1838 1374 οὐδὲ
1882 1308 2089 1373 ἔοικεν

460 1417 542 1477 80
587 1413 954 1493 ὑββάλλειν·
1000 1410 1290 1490 χαλεπὸν
1334 1413 1456 1490 γὰρ
1502 1410 1897 1495 ἐπιςταμένῳ
1943 1430 2063 1488 περ
2109 1410 2298 1475 ἐόντι.

589 1514 850 1595 ἀνδρῶν
896 1514 953 1577 δ’
998 1513 1070 1578 ἐν
1116 1514 1343 1596 πολλῷ
1387 1511 1615 1597 ὁμάδῳ
1659 1518 1800 1577 πῶς
1844 1513 1952 1576 κέν
1998 1531 2090 1574 τις
2139 1510 2403 1576 ἀκούςαι

586 1617 625 1694 ἢ
670 1614 875 1695 εἴποις
924 1616 1218 1696 βλάβεται
1261 1615 1332 1678 δὲ
1379 1613 1555 1689 λιγύς
1598 1634 1720 1692 περ
1765 1614 1894 1678 ἐὼν
1941 1613 2279 1692 ἀγορητής.

582 1716 867 1801 Πηλείδῃ
910 1718 1024 1796 μὲν
1071 1718 1242 1793 ἐγὼν
1289 1717 1671 1796 ἐνδείξομαι·
1719 1715 1920 1794 αὐτὰρ
1966 1715 2027 1778 οἱ
2070 1714 2257 1779 ἄλλοι

588 1818 870 1885 ςύνθεςθ’
913 1818 1186 1899 Ἀργεῖοι
1231 1819 1433 1897 μῦθόν
1477 1819 1532 1882 τ’
1576 1817 1650 1884 εὖ
1696 1822 1902 1895 γνῶτε
1948 1817 2226 1881 ἕκαςτος.

461 1926 542 1984 85
587 1921 862 1986 πολλάκι
906 1921 986 2000 δή
1031 1940 1139 2001 μοι
1181 1925 1418 1987 τοῦτον
1465 1921 1708 2000 Ἀχαιοὶ
1752 1924 1957 1999 μῦθον
2003 1919 2257 2000 ἔειπον,

589 2021 692 2086 καί
733 2022 801 2087 τὲ
845 2043 921 2101 με
967 2023 1377 2088 νεικείεςκον·
1426 2023 1554 2100 ἐγὼ
1602 2023 1658 2087 δ’
1703 2022 1822 2086 οὐκ
1867 2022 2070 2086 αἴτιός
2115 2019 2271 2100 εἰμι,

589 2123 756 2189 ἀλλὰ
799 2123 966 2189 Ζεὺς
1008 2125 1111 2189 καὶ
1154 2127 1348 2205 μοῖρα
1391 2124 1491 2189 καὶ
1534 2123 1907 2204 ἠεροφοῖτις
1950 2123 2163 2202 ἐρινύς
2176 2170 2194 2202 ,

589 2224 655 2290 οἵ
696 2224 766 2290 τέ
811 2246 918 2305 μοι
961 2225 1054 2291 εἰν
1098 2224 1306 2310 ἀγορῇ
1352 2227 1579 2307 φρεςὶν
1624 2224 1905 2305 ἔμβαλον
1950 2223 2178 2303 ἄγριον
2224 2224 2416 2308 ἄτην,

557 2409 626 2467 V.
662 2429 712 2468 1..
785 2416 850 2464 72
897 2411 1076 2465 αὐτὸν
1126 2410 1212 2464 DS
1248 2409 1381 2470 Vat.
1434 2412 1495 2465 αἴ
1539 2428 1603 2465 κε
1649 2411 1892 2479 φύγῃςιν
1939 2408 1998 2462 L.
2054 2409 2113 2464 αἴ
2159 2425 2220 2463 κε
2269 2412 2304 2475 ἢ
2350 2411 2411 2463 ὅς
2459 2425 2521 2463 κε
2559 2408 2711 2463 Enst.

420 2482 630 2547 φύγηςι
665 2476 881 2572 AQDH.
931 2509 988 2519 —
1043 2484 1107 2534 73
1153 2481 1391 2546 φεύγων
1428 2480 1491 2534 ἐκ
1537 2476 1652 2534 AC.
1700 2496 1786 2546 γρ.
1823 2481 1986 2547 δηΐου
2031 2479 2094 2533 ἐκ
2131 2480 2406 2565 πολέμοιο
2443 2477 2509 2532 Α.
2546 2509 2610 2517 -
2649 2484 2714 2533 74

421 2552 500 2603 ὼς
537 2533 602 2601 A.
651 2548 739 2602 οἵδ
807 2546 1069 2602 CDGHL.
1117 2549 1180 2602 δὲ
1220 2550 1471 2668 ὲάρηςαν
1508 2547 1673 2601 Vrat.
1717 2548 1770 2603 b.
1818 2546 1962 2603 conf.
2011 2549 2045 2601 Γ
2086 2552 2196 2600 111.
2247 2548 2574 2614 εύκνημιδες
2611 2545 2713 2601 DG

423 2615 533 2669 HL.
571 2644 637 2655 —
686 2621 749 2669 75
794 2616 1172 2671 άποειπόντος
1335 2646 1401 2655 -
1452 2622 1517 2670 77
1565 2617 1798 2680 μέςςοιςι
1846 2615 2133 2683 παραςτάς
2180 2613 2217 2667 S
2264 2615 2422 2670 Cant.
2477 2617 2715 2680 μέςοιςιν

423 2684 469 2736 A
516 2682 607 2737 oll.
645 2681 815 2752 Soph.
857 2690 974 2744 156.
1019 2689 1100 2736 26.
1148 2714 1212 2723 -
1259 2689 1324 2738 79
1361 2685 1658 2739 ἑςταότοςε
1707 2685 1856 2737 τινες
1905 2685 2190 2736 ἑςταότως
2234 2682 2389 2736 Eust.
2438 2688 2586 2748 1172,
2630 2690 2712 2735 59.
2801 2702 2805 2707 ·

423 2769 459 2815 μ
490 2770 554 2804 v:
589 2752 698 2818 γὰρ
734 2750 915 2818 Apoll.
963 2749 1132 2872 Soffih.
1177 2757 1294 2818 156,
1331 2757 1413 2806 23.
1454 2753 1686 2806 ἀκούειν
1719 2750 1814 2804 AE
1857 2756 2002 2813 1172,
2045 2757 2106 2804 16
2141 2750 2351 2804 Baroco
2397 2751 2576 2808 eram.
2613 2750 2656 2803 E
2703 2792 2715 2804 .

424 2824 539 2880 252,
581 2824 663 2873 29.
702 2817 888 2888 Apoll.
934 2817 1046 2888 Sop
1093 2863 1104 2874 .
1158 2824 1270 2881 156,
1307 2825 1399 2873 23:
1446 2821 1728 2884 ἀκούεμεν
1764 2816 1906 2873 CDE
1954 2824 2101 2881 1171,
2140 2825 2206 2871 56
2253 2816 2400 2872 GHL
2445 2818 2530 2875 Et.
2568 2819 2651 2871 Gn
2701 2861 2712 2871 .

423 2892 542 2948 656,
590 2892 671 2944 49.
719 2885 949 2942 Baohm.
1000 2886 1208 2944 Anecd.
1246 2887 1328 2952 ΙΙ,
1366 2894 1460 2954 83,
1497 2892 1579 2941 26.
1630 2918 1682 2924 --
1735 2893 1801 2940 80
1842 2888 1878 2940 ὑ
1914 2888 2101 2950 βάλειν
2150 2884 2215 2940 G.
2261 2888 2487 2951 ύβάλειν
2524 2885 2582 2940 C.
2619 2885 2717 2939 alii

428 2955 731 3020 ὑββάλλειν
768 2956 913 3008 teste
949 2952 1104 3008 Eust.
1145 2961 1295 3019 1172,
1335 2961 1417 3009 60.
1454 2957 1708 3020 χαλεπὸν
1745 2957 1836 3008 καὶ
1929 2954 2108 3009 achm.
2149 2953 2358 3009 Anecd.
2398 2953 2476 3019 II,
2510 2960 2596 3019 49,
2634 2961 2715 3011 35.

433 3022 807 3086 ἐπιςτάμενόν
843 3039 952 3090 περ
986 3023 1156 3077 ἐόντα
1192 3021 1323 3076 libri
1359 3039 1488 3077 cum
1523 3022 1710 3100 Apoll.
1747 3021 1819 3075 So
1862 3021 1915 3075 h.
1959 3029 2068 3081 156,
2104 3028 2190 3075 24.
2236 3020 2463 3078 Baohm.
2504 3023 2608 3075 An.
2645 3022 2715 3085 11,

426 3096 514 3154 49,
554 3096 637 3144 35.
666 3120 731 3129 --
769 3095 828 3143 81
870 3091 1079 3158 άκούςῃ
1117 3090 1345 3144 Maxim.
1369 3090 1496 3159 Tyr.
1525 3089 1668 3144 Diss.
1693 3089 1820 3143 XVI
1856 3131 1868 3153 ‚
1902 3096 1977 3143 10.
2014 3090 2302 3144 ἀκούςειεν
2339 3089 2520 3160 Apoll.
2547 3088 2717 3159 Soph.

433 3162 544 3221 156,
591 3165 678 3214 31.
715 3187 782 3198 -
817 3163 881 3211 82
928 3159 1189 3224 βλάβεται
1223 3159 1333 3225 γὰρ
1366 3159 1410 3212 L
1445 3158 1594 3228 Lips.
1643 3160 1903 3225 βλάβεται
1939 3159 2048 3240 γὰρ
2091 3159 2152 3212 δὲ
2198 3157 2250 3216 S.
2292 3188 2350 3198 -—
2398 3163 2464 3213 83
2499 3159 2613 3224 ἐγὼ
2651 3157 2721 3212 A.

429 3273 489 3282 —
527 3249 594 3297 85
632 3244 905 3297 πολλάκῖς
931 3242 1039 3296 ΟΕ.
1077 3248 1257 3309 μῦθον
1294 3244 1477 3310 άχαιοῑ
1511 3249 1722 3297 τοῦτον
1759 3241 1811 3296 Η
1834 3242 1977 3297 Vrat
2032 3242 2084 3297 d.
2122 3273 2188 3282 —-
2224 3249 2289 3297 86
2326 3244 2417 3297 καί
2451 3259 2516 3297 τε
2555 3260 2622 3308 με
2648 3243 2714 3296 D.

424 3312 602 3365 αἴτιος
640 3312 751 3377 εἰμὶ
786 3309 847 3364 L.
895 3341 961 3375 —-„
1009 3316 1073 3366 87
1110 3314 1435 3416 ἠειὲφκοῖτις
1471 3313 1536 3365 A.
1583 3312 1769 3378 ἐρινύς
1805 3310 1905 3366 AD
1952 3310 2168 3365 Townl.
2202 3310 2358 3365 Vrat.
2396 3310 2452 3365 b.
2500 3313 2715 3379 ἑριννύς

425 3410 667 3536 ἓΕίξξΗξι
687 3413 765 3535 ket
794 3411 1004 3533 lHeynii
1037 3412 1156 3467 fore
1194 3428 1403 3468 omnes.
1442 3444 1507 3453 -—
1560 3419 1629 3469 88
1665 3413 1721 3468 οἵ
1755 3414 1821 3468 τέ
1858 3430 1947 3479 μοι
1983 3411 2197 3467 ACEH.
2235 3413 2404 3482 vulgo
2439 3414 2561 3468 οἵτε
2607 3431 2715 3480 μοι.

598 3498 632 3534 τ
717 3498 791 3547 μο
814 3521 828 3536 .

429 3588 563 3596 -ῄ-

562 3635 627 3693 Α.
661 3652 710 3693 c.
783 3639 848 3688 75
883 3633 1211 3702 ἀρῐςταρχος
1246 3636 1354 3689 ἔξω
1389 3639 1494 3689 τοῦ
1531 3642 1562 3689 ὃ
1607 3636 1955 3690 ἀπειπόντος
1992 3639 2081 3689 καὶ
2128 3635 2186 3689 αἱ
2233 3634 2459 3689 πλείους
2500 3634 2711 3703 Didy-

425 3720 582 3757 mus.
620 3732 684 3743 -
720 3707 786 3756 76
820 3708 961 3756 τοῑςι
997 3704 1049 3756 δ’
1084 3703 1448 3768 άνιςτάμενος
1486 3705 1705 3771 μετέφη
1742 3703 1950 3772 κρείων
1998 3704 2365 3769 Ἀγαμέμνων
2403 3702 2717 3757 Massilien-

425 3771 528 3836 sis,
569 3770 731 3831 Chia.
769 3769 1101 3824 Zenodotns.
1129 3798 1194 3809 —
1220 3776 1284 3824 77
1319 3772 1567 3826 αὐτόθεν
1593 3773 1649 3826 ἑξ
1675 3772 1868 3838 ἕδρης.
1905 3772 2027 3825 οὐδ’
2050 3772 2113 3825 ἐν
2140 3773 2408 3837 μέςςοιςιν
2444 3771 2717 3825 ἀναετάς;

427 3843 611 3894 οὕτως
656 3841 748 3893 καὶ
796 3840 930 3905 παρ’
977 3841 1364 3906 Ἀριςτοφάνει
1407 3838 1758 3908 Didymus.
1807 3840 2164 3906 Ἀρίςταρχος
2208 3840 2562 3906 παρενέθηκε
2611 3839 2718 3891 τὸν

428 3907 712 3973 ,.αὐτόθεν
747 3908 805 3962 ἐξ
842 3907 1042 3973 ἕδρης“
1077 3908 1224 3961 testae
1260 3906 1585 3961 Alexandro
1622 3906 1938 3975 Cokyaensi.
1984 3906 2308 3974 Ζηνοδότος
2354 3911 2567 3961 τοῦτον
2611 3908 2718 3961 οὐκ

428 3976 640 4041 ἔγραφε
674 3972 1128 4028 Aristonicus.
1172 3979 1337 4042 μῆνιν
1363 3975 1765 4043 ἀναςτενάχων
1801 3977 1893 4028 καὶ
1919 3976 2024 4041 ὑφ’
2057 3977 2249 4029 ἕλκεος
2274 3976 2450 4039 ἄλγεα
2486 3976 2719 4041 πάςχων

429 4040 569 4095 chia
602 4058 729 4095 cum
763 4040 1096 4096 Massiliensi
1131 4045 1276 4096 teste
1312 4042 1575 4110 DidymO.
1616 4073 1669 4081 —
1724 4048 1790 4096 79
1826 4044 2081 4097 ἀκούεινε
2134 4045 2322 4097 οὕτως
2369 4042 2716 4110 ἀρίςταρχος.

429 4111 589 4164 ἄλλοι
630 4112 693 4164 δὲ
738 4110 1013 4176 ἀκουέμεν
1059 4108 1420 4178 Didymus,
1467 4111 1614 4165 conf.
1663 4110 1735 4163 ad
1782 4127 1857 4163 vs.
1897 4117 1978 4166 30.
2028 4140 2089 4149 —
2137 4116 2204 4165 80
2252 4112 2575 4176 ὑββάλλεινε
2624 4113 2718 4177 ύβ-

431 4178 653 4242 βάλλειν
700 4175 1077 4243 Herodianus,
1138 4181 1336 4243 ψιλῶς.
1392 4179 1745 4245 ἑπιςταμὲνῳ
1802 4195 1911 4245 περ
1954 4178 2106 4231 ἐόντι
2151 4178 2517 4235 Aristarchus.
2573 4178 2719 4232 hanc

429 4244 763 4313 scripturam
806 4245 1038 4298 tuentur
1081 4245 1314 4299 Archias
1360 4247 1420 4300 et
1454 4243 1756 4312 Dionysius
1811 4244 2070 4299 Sidonius
2118 4245 2269 4314 apud
2317 4247 2362 4299 A
2406 4244 2499 4298 oll.
2550 4245 2719 4314 Soph.

435 4318 548 4377 156,
586 4316 668 4366 26.
705 4342 769 4352 —-
816 4315 881 4365 86
918 4316 1071 4380 παρὰ
1118 4314 1479 4380 άριςτοφάνει
1517 4317 1608 4367 καὶ
1653 4319 1724 4381 τῇ
1764 4313 1855 4383 χίᾳ
1900 4314 2227 4369 νεικείουςιν
2262 4312 2342 4366 Di
2405 4329 2615 4381 ymus,
2654 4343 2718 4352 —

430 4386 495 4434 87
536 4382 856 4448 ἠεροφοῖτις
894 4376 1277 4434 Herodianus:
1316 4381 1412 4434 alii
1450 4382 1483 4446 ἡ
1523 4382 1827 4449 ἑροφοῖτις.

532 4474 721 4515 Homeri
748 4474 882 4515 Iliu.
924 4474 988 4516 11.
2249 4471 2311 4521 14
