3144 5006
431 346 549 410 134
1344 345 1671 400 ΙΛΙΑΔΟ(
1717 344 1772 397 Ε.

596 500 959 565 ὠκύποδες·
1003 504 1120 565 τοῦ
1165 501 1235 563 δ’
1279 498 1423 564 αὖθι
1470 499 1626 576 λύθη
1673 498 1848 577 ψυχή
1892 518 1960 563 τε
2006 498 2199 579 μένος
2241 519 2327 564 τε.

765 601 1014 668 Αἰνείας
1057 602 1126 667 δ’
1169 602 1493 681 ἀπόρουςε
1539 601 1653 665 ςύν
1698 598 1909 675 ἀςπίδι
1955 600 2139 679 δουρί
2181 621 2249 666 τε
2294 608 2545 684 μακρῷ,

597 702 804 771 δείςας
851 704 934 783 μή
980 724 1118 769 πως
1164 702 1230 769 οἷ
1272 701 1607 782 ἐρυςαίατο
1651 702 1885 782 νεκρὸν
1922 696 2183 782 Ἀχαιοί.

596 804 762 886 ἀμφὶ
805 806 872 870 δ’
915 805 1027 885 ἄρ’
1070 804 1245 887 αὐτῷ
1291 806 1468 884 βαῖνε
1515 803 1686 870 λέων
1731 803 1820 868 ὣς
1865 802 2009 869 ἀλκὶ
2051 806 2410 883 πεποιθώς,

428 914 554 972 300
596 908 834 988 πρόςθε
876 907 949 971 δέ
993 907 1055 972 οἱ
1100 902 1260 985 δόρυ
1303 906 1368 970 τ’
1410 906 1556 984 ἔςχε
1601 907 1702 970 καὶ
1747 905 1980 972 ἀςπίδα
2023 905 2297 971 πάντος’
2341 907 2513 988 έίςην

597 1011 713 1074 τόν
758 1008 1056 1088 κτάμεναι
1100 1008 1385 1087 μεμαώς,
1431 1005 1507 1072 ὅς
1549 1028 1642 1073 τις
1686 1012 1803 1072 τοῦ
1846 1008 1916 1084 γ’
1960 1009 2182 1074 ἀντίος
2226 1008 2434 1092 ἔλθοι,

597 1110 947 1190 ςμερδαλέα
991 1109 1212 1188 ἰάχων.
1301 1110 1341 1174 ὃ
1385 1108 1458 1173 δὲ
1501 1109 1849 1189 χερμάδιον
1894 1109 2046 1191 λάβε
2092 1110 2250 1189 χειρὶ

597 1212 927 1294 Τυδείδης,
973 1211 1133 1291 μέγα
1177 1210 1405 1291 ἔργον,
1451 1211 1490 1275 ὃ
1536 1210 1617 1275 ού
1663 1211 1783 1276 δύο
1827 1211 1898 1285 γ’
1941 1210 2142 1288 ἄνδρε
2185 1211 2487 1294 φέροιεν,

599 1311 730 1378 οἷοι
771 1316 891 1378 νῦν
939 1311 1160 1393 βροτοί
1203 1311 1335 1377 εἰς’.
1424 1312 1464 1376 ὃ
1510 1312 1582 1377 δέ
1626 1332 1730 1391 μιν
1775 1311 1893 1392 ῥέα
1936 1311 2141 1377 πάλλε
2187 1313 2290 1378 καὶ
2334 1313 2492 1380 οἶος.

431 1420 555 1478 305
601 1421 692 1498 τῷ
738 1415 932 1494 βάλεν
976 1413 1229 1479 Αἰνείαο
1275 1414 1420 1478 κατ’
1465 1413 1698 1498 ἰςχίον,
1742 1413 1900 1479 ἔνθά
1943 1435 2011 1480 τε
2056 1415 2259 1494 μηρὸς

597 1515 771 1601 ἰςχίῳ
809 1514 1249 1599 ἑνςτρέφεται,
1293 1515 1569 1596 κοτύλην
1613 1516 1687 1582 δέ
1731 1516 1801 1582 τέ
1842 1537 1949 1595 μιν
1993 1517 2317 1582 καλέουςι·

597 1617 823 1682 θλάςςε
867 1618 939 1682 δέ
985 1617 1049 1681 οἱ
1092 1617 1400 1698 κοτύλην,
1444 1619 1610 1697 πρὸς
1654 1618 1722 1683 δ’
1767 1617 1963 1699 ἄμφω
2010 1616 2160 1697 ῥῆξε
2204 1618 2499 1685 τένοντε·

602 1718 727 1785 ὦςε
772 1719 840 1783 δ’
883 1718 1015 1785 άπὸ
1060 1719 1244 1799 ῥινὸν
1287 1721 1523 1800 τρηχὺς
1570 1719 1763 1785 λίθος.
1853 1720 2057 1800 αὐτὰρ
2101 1719 2141 1783 ὅ
2184 1720 2259 1796 γ’
2302 1720 2475 1799 ἥρως

601 1821 745 1900 ἔςτη
790 1822 945 1897 γνὺξ
990 1821 1236 1902 ἐριπὼν
1281 1822 1383 1885 καὶ
1427 1820 1713 1901 ἐρείςατο
1759 1822 1920 1900 χειρὶ
1962 1819 2192 1905 παχείῃ

433 1929 558 1986 310
599 1923 809 2002 γαίης·
857 1921 1019 2002 ἀμφὶ
1063 1924 1134 1987 δὲ
1178 1921 1322 1988 ὄςςε
1368 1926 1623 2002 κελαινὴ
1669 1923 1782 1991 νὺξ
1826 1915 2127 2003 ἐκάλυψε.

771 2023 872 2087 καί
915 2022 992 2088 νύ
1038 2045 1146 2088 κεν
1186 2024 1328 2089 ἔνθ’
1371 2024 1688 2089 ἀπόλοιτο
1731 2022 1891 2091 ἄναξ
1935 2022 2197 2104 ἀνδρῶν
2240 2025 2524 2109 Αἰνείας,

603 2126 657 2190 εἰ
701 2127 780 2204 μὴ
825 2123 940 2204 ἄρ’
983 2124 1097 2190 ὀξὺ
1140 2125 1331 2206 νόηςε
1377 2126 1543 2191 Διὸς
1587 2125 1869 2205 θυγάτηρ
1913 2127 2288 2208 Ἀφροδίτη,

604 2227 834 2307 μήτηρ,
882 2226 921 2304 ἥ
967 2248 1071 2307 μιν
1118 2227 1236 2291 ὑπ’
1278 2226 1529 2311 Ἀγχίςῃ
1575 2226 1716 2292 τέκε
1762 2230 2210 2307 βουκολέοντι·

604 2328 766 2409 ἀμφὶ
811 2328 880 2392 δ’
924 2327 1037 2393 ἑὸν
1082 2329 1279 2409 φίλον
1325 2328 1469 2395 υἱὸν
1515 2328 1786 2409 ἐχεύατο
1825 2329 2024 2408 πήχεε
2070 2331 2307 2412 λευκώ,

436 2435 559 2492 315
605 2429 842 2508 πρόςθε
888 2429 959 2494 δέ
1006 2430 1068 2494 οἱ
1113 2430 1389 2496 πέπλοιο
1435 2435 1713 2511 φαεινοῦ
1758 2431 2010 2511 πτύγμα
2054 2430 2378 2517 κάλυψεν,

606 2531 793 2611 ἕρκος
839 2533 990 2612 ἔμεν
1036 2534 1311 2615 βελέων,
1356 2534 1436 2613 μή
1482 2555 1574 2599 τις
1616 2535 1907 2600 Δαναῶν
1951 2534 2356 2614 ταχυπώλων

606 2634 847 2712 χαλκὸν
893 2634 989 2698 ἐνὶ
1033 2635 1310 2714 ςτήθεςςι
1356 2635 1574 2715 βαλὼν
1619 2635 1690 2700 ἐκ
1734 2636 1940 2716 θυμὸν
1984 2635 2215 2701 ἕλοιτο.

776 2735 814 2813 ἢ
858 2736 973 2814 μὲν
1019 2735 1131 2801 ἑὸν
1174 2735 1373 2816 φίλον
1419 2735 1563 2801 υἱὸν
1608 2736 2002 2840 ὑπεξέφερεν
2045 2737 2390 2817 πολέμοιο·

574 2920 643 2976 V.
680 2941 734 2979 r..
785 2927 884 2976 297
920 2920 1200 2988 ἀπόρουςε
1236 2918 1588 2975 ACDGMOS
1628 2931 1670 2976 1.
1715 2937 1864 2975 man.
1902 2920 2060 2977 Cant.
2094 2921 2250 2977 Harl.
2294 2921 2441 2992 Lips.
2479 2924 2633 2984 Vrat
2670 2927 2725 2981 b.

440 3043 504 3095 A.
544 3038 711 3094 Mose.
753 3046 794 3092 1.
835 3040 1107 3106 ἐπόρουςε
1142 3037 1300 3093 LS2.
1333 3054 1483 3094 man
1523 3041 1645 3094 ἑπώ
1685 3056 1813 3094 ουςε
1840 3039 1909 3093 Ν.
1948 3041 2227 3108 ἀπορουςε
2254 3041 2321 3093 Η.
2361 3071 2426 3081 ——
2461 3047 2561 3096 298
2595 3042 2725 3096 libri

439 3109 643 3175 μήπως
679 3108 758 3162 ol:
798 3105 921 3172 Gn
923 3123 1121 3173 ηπως
1156 3057 2091 3170 othene‚cons.f1.1].144.—
2135 3113 2237 3163 299
2272 3110 2342 3177 ἂρ
2377 3108 2601 3164 GLMN.
2655 3112 2727 3178 ἀρ

439 3178 506 3229 A.
541 3176 620 3229 ὡς
645 3173 711 3227 D.
737 3203 803 3214 -
826 3124 958 3228 30οη
951 3190 1093 3259 προς
1117 3175 1179 3228 δέ
1203 3174 1258 3228 οἱ
1280 3173 1349 3227 N.
1387 3177 1633 3229 πάντοςε
1658 3175 1744 3240 ίςη
1748 3192 1782 3227 ν
1805 3174 2055 3230 LMNOS
2079 3175 2384 3230 Townl.—-
2406 3183 2497 3231 301
2529 3183 2691 3241 τοῠγ

437 3244 598 3297 τοῦδ’
626 3241 795 3295 Mose.
818 3249 863 3296 l.
900 3242 1091 3296 ἀντίος
1116 3240 1470 3296 ACGLMNO
1501 3241 1653 3296 Harl.
1676 3242 1831 3296 Vrat.
1853 3260 1901 3298 c.
1929 3245 1993 3296 A.
2026 3242 2193 3298 Mose.
2213 3251 2259 3299 3.
2297 3245 2493 3298 ἀντίον
2520 3194 2730 3298 ΒΕΗΥΒ.

439 3312 536 3364 ἐλθ
613 3308 665 3362 Ν
702 3308 857 3363 Vrat.
893 3309 959 3363 A.
997 3340 1061 3350 —-
1097 3315 1196 3365 302
1232 3310 1264 3364 ὃ
1300 3311 1362 3364 δὲ
1387 3309 1499 3365 CD.
1537 3340 1603 3350 —-·
1639 3317 1738 3365 303
1772 3312 1873 3365 δύο
1897 3312 2036 3379 ἀνδρ
2039 3310 2158 3367 εῙ).
2196 3341 2263 3352 -—
2298 3318 2397 3365 304
2430 3311 2568 3366 0101:
2606 3318 2730 3367 τῶν

439 3377 495 3432 οἱ
576 3375 894 3446 seudoplut.
935 3382 1048 3442 115,
1084 3383 1167 3435 49.
1204 3377 1237 3431 ὃ
1274 3376 1337 3431 Ο
1379 3379 1523 3433 πάλε
1560 3377 1631 3431 N.
1667 3407 1730 3417 —-
1767 3385 1868 3433 305
1904 3380 2041 3434 ἔνθά
2073 3395 2139 3433 τε
2165 3378 2544 3435 ACDHMNO.
2591 3382 2730 3435 ἔνθα

441 3461 506 3511 γε
542 3443 593 3498 G
627 3443 797 3502 Mose.
838 3452 884 3498 1.
923 3475 987 3484 -—
1023 3446 1244 3510 3061ςχ
1247 3446 1343 3499 (ωε
1383 3446 1507 3514 ἰνίῳ
1546 3445 1728 3500 Cram.
1766 3448 1871 3501 An.
1897 3446 2001 3505 Ox.
2037 3446 2121 3511 ΙΙ,
2157 3453 2275 3513 372,
2310 3452 2395 3503 28.
2438 3448 2500 3501 δέ
2534 3464 2598 3502 τε
2637 3465 2730 3513 μιν

441 3512 597 3567 AcL.
635 3513 889 3569 καλέουα
925 3462 1405 3567 ACDEGHMNO.
1444 3544 1504 3553 -
1545 3520 1643 3568 307
1679 3515 1914 3570 τένοντε
1948 3530 2162 3569 omnes.
2200 3543 2266 3555 -
2299 3520 2401 3570 308
2433 3515 2549 3569 ἀπο
2574 3465 2672 3570 uf*
2661 3552 2729 3561 .-

442 3588 543 3637 310
578 3581 654 3648 ἀμ
655 3582 722 3646 φί
765 3582 827 3635 δέ
862 3581 915 3635 οἱ
959 3582 1083 3636 ὄςςε
1120 3579 1180 3637 Ε.
1217 3582 1463 3647 ἐκάλυψε
1503 3580 1933 3637 ACEGHMNO.
1968 3613 2032 3623 —
2069 3588 2168 3636 312
2213 3583 2285 3650 ἂρ
2319 3580 2603 3641 DGMNO.
2658 3584 2730 3651 ἀρ

441 3651 508 3704 A.
559 3679 610 3688 —
615 3598 746 3704 μ314
781 3650 832 3703 δ’
868 3649 966 3702 ἑὸν
1002 3646 1339 3702 CDHMNO:
1375 3600 1436 3702 ἐμὲ
1472 3651 1541 3702 δν
1577 3647 1759 3702 EGLS
1785 3649 1942 3704 Cant
1995 3651 2057 3704 δὲ
2092 3651 2178 3704 ὁν·
2165 3649 2252 3704 A.
2309 3650 2361 3704 δ
2394 3650 2464 3704 δν
2490 3649 2645 3706 Vrat.
2672 3599 2730 3706 b?

442 3748 506 3758 —
543 3723 705 3772 315*
679 3718 952 3783 *πτύγμα
995 3716 1274 3782 κάλυψενε
1320 3715 1450 3769 libri
1495 3719 1706 3782 πτύγμ’
1739 3719 1814 3784 (A
1859 3719 2030 3784 πτύγ’
2075 3720 2151 3785 μ’)
2194 3718 2491 3785 ἐκάλυψεν.
2527 3748 2593 3758 -
2628 3725 2729 3773 317

442 3820 526 3873 ἑνι
561 3816 680 3873 AD.
725 3818 946 3883 ςτὴθεςι
980 3815 1043 3870 Ε.
1082 3820 1185 3884 ςτή
1152 3797 1304 3884 ήθεΕι
1338 3816 1407 3870 Ν.
1443 3818 1507 3872 ἐκ
1542 3822 1655 3882 θυμ
1657 3820 1741 3885 ὸν,
1778 3833 1890 3872 non
1927 3819 2063 3884 ἀπὸ,
2099 3817 2230 3871 libri
2264 3818 2378 3872 mei
2412 3835 2540 3872 cum
2567 3819 2730 3873 Cant.

443 3884 1272 3945 Barocc.vrat.a.Moso.1.
1326 3885 1519 3954 ἕληται
1564 3884 1635 3939 Ν.
1683 3913 1749 3926 --
1795 3890 1894 3941 318
1930 3886 2244 3954 ὑπεξέφερε
2285 3884 2543 3940 DLMNO
2580 3886 2731 3956 Lips.

448 3956 755 4019 πτολέμοιο
793 3952 845 4006 Ν
881 3952 1036 4008 Harl.

581 4123 645 4175 A.
681 4139 727 4178 c
790 4129 889 4177 302
922 4122 1277 4178 Aristarchus
1319 4124 1522 4189 ἰάχωνε
1570 4123 1750 4191 ίαχῶν
1795 4123 2096 4195 Tyrannio.
2130 4152 2196 4163 —-—
2240 4129 2341 4180 308
2375 4122 2734 4178 Herodianus

447 4187 585 4240 ἀπὸ·
621 4189 735 4242 ἄπο
758 4188 1131 4248 Ptolemaeus.
1171 4221 1238 4231 —
1272 4199 1373 4247 310
1409 4192 1442 4246 ὁ
1465 4192 1809 4259 ἀςτερίςκος,
1848 4182 1936 4246 ὅτι
1970 4193 2078 4246 οὐκ
2111 4193 2295 4259 ὀρθῶς
2330 4191 2425 4246 ἐπὶ
2458 4191 2731 4260 Ἕκτορος

449 4254 668 4319 λέγεται
705 4256 771 4321 (Λ
806 4261 929 4324 356)
967 4259 1413 4313 Aristonicus
