3144 5006
1254 1227 1706 1307 ΙΛΙΑΔΟ(
1777 1230 1865 1304 Ν.

755 1413 920 1479 Ζεὺς
958 1414 1015 1478 δ’
1046 1413 1186 1479 ἐπεὶ
1218 1413 1338 1479 οὖν
1370 1414 1598 1493 Τρῶάς
1639 1434 1710 1479 τε
1754 1414 1854 1478 καὶ
1884 1413 2157 1492 Ἕκτορα
2186 1413 2365 1490 νηυςὶ
2394 1414 2695 1495 πέλαςςε,

582 1516 737 1580 τοὺς
782 1517 898 1596 μὲν
945 1515 1021 1580 ἔα
1063 1517 1240 1594 παρὰ
1282 1522 1419 1599 τῇςι
1463 1517 1676 1582 πόνον
1721 1515 1788 1579 τ’
1831 1515 2056 1595 ἐχέμεν
2100 1515 2205 1580 καὶ
2248 1513 2424 1581 ὀιζὺν

582 1617 960 1701 νωλεμέως,
1005 1617 1201 1682 αὐτὸς
1247 1620 1319 1683 δὲ
1361 1618 1556 1685 πάλιν
1600 1618 1834 1697 τρέπεν
1881 1615 2025 1682 ὄςςε
2070 1617 2355 1700 φαεινώ,

579 1719 812 1800 νόςφιν
857 1719 964 1798 ἐφ’
1005 1717 1395 1786 ἱπποπόλων
1440 1722 1711 1807 Θρῃκῶν
1756 1720 2211 1799 καθορώμενος
2255 1715 2404 1783 αἶαν

496 1825 534 1882 5
582 1822 819 1886 Μυςῶν
862 1820 928 1884 τ’
971 1820 1355 1900 ἀγχεμάχων
1399 1823 1504 1886 καὶ
1546 1822 1812 1897 ἀγαυῶν
1856 1823 2323 1901 *Ιππημολγῶν

578 1922 1084 2004 γλακτοφάγων,
1131 1922 1358 2004 Ἀβίων
1402 1944 1507 2006 τε,
1552 1923 1972 1988 δικαιοτάτων
2018 1922 2403 2000 ἀνθρώπων.

579 2024 645 2087 ἐς
689 2022 923 2103 Τροίην
970 2025 1042 2089 δ’
1088 2024 1168 2090 οὐ
1211 2025 1479 2108 πάμπαν
1526 2024 1617 2089 ἔτι
1660 2025 1894 2104 τρέπεν
1939 2024 2084 2090 ὄςςε
2128 2024 2405 2104 φαεινώ·

583 2126 662 2190 οὐ
705 2126 828 2203 γὰρ
877 2124 915 2189 ὅ
959 2126 1027 2201 γ’
1071 2126 1415 2192 ἀθανάτων
1460 2127 1579 2192 τιν’
1624 2126 1892 2192 ἐέλπετο
1938 2127 2017 2191 ὃν
2062 2126 2220 2191 κατὰ
2265 2126 2468 2206 θυμὸν
2522 2177 2533 2196 .

579 2227 845 2294 ἐλθόντ’
881 2228 927 2305 ἢ
973 2228 1290 2307 Τρώεςςιν
1336 2227 1644 2308 ἀρηξέμεν
1688 2230 1727 2307 ἢ
1773 2230 2153 2294 Δαναοῑςιν.

460 2333 543 2390 10
760 2328 910 2394 οὐδ’
954 2329 1156 2395 ἀλαὸς
1202 2333 1467 2410 ςκοπιὴν
1513 2329 1649 2410 εἶχε
1694 2332 1923 2410 κρείων
1969 2330 2348 2410 ἑνοςίχθων·

582 2432 682 2497 καὶ
725 2432 849 2511 γὰρ
895 2433 933 2498 ὃ
978 2433 1322 2514 θαυμάζων
1367 2431 1520 2511 ἦςτο
1566 2433 1905 2514 πτόλεμόν·
1933 2453 2000 2498 τε
2048 2432 2254 2514 μάχην
2299 2453 2368 2497 τε

579 2534 756 2614 ὑψοῦ
802 2533 917 2599 ἐπ’
961 2533 1315 2615 ἀκροτάτης
1360 2539 1651 2616 κορυφῆς
1696 2536 1908 2616 (άμου
1954 2535 2256 2615 ὑληέςςης

544 2700 726 2755 Vsum
761 2720 970 2755 nse-1³10.
1045 2709 1070 2756 1
1110 2704 1161 2755 δ’
1196 2719 1302 2756 om.
1346 2702 1407 2761 Ε.
1462 2707 1671 2770 τρῶιας
1717 2701 1819 2762 CL.
1855 2719 1919 2757 τε
1966 2719 2075 2758 om.
2114 2701 2163 2756 G
2199 2702 2425 2762 Baroeo.
2462 2705 2699 2759 πέλαςςε

414 2768 682 2824 ACDEG:
739 2771 1012 2825 πέλαςςεν
1059 2769 1171 2825 HL.
1219 2773 1428 2826 πέλαςε
1473 2770 1622 2840 Lips.
1670 2774 1911 2826 πέλαςεν
1957 2769 2106 2827 Flor.
2153 2801 2220 2811 —
2269 2777 2301 2824 2
2346 2776 2500 2839 παρα
2534 2773 2599 2826 Α.
2635 2803 2703 2813 -

411 2845 441 2891 3
476 2839 649 2905 τρέπε
686 2836 754 2893 D.
804 2840 901 2905 τρέ
952 2855 1014 2893 εν
1050 2837 1104 2892 S.
1148 2840 1364 2905 τράπεν
1400 2838 1631 2893 Baohm.
1667 2838 1879 2893 Anecd.
1916 2838 1987 2905 ΙΙ,
2024 2844 2137 2903 141,
2176 2838 2502 2904 7.“φαεινῶι
2538 2840 2600 2899 L.
2636 2871 2702 2881 —-

407 2912 441 2958 4
477 2906 828 2961 ἱπποπόλων
864 2857 974 2960 A&
1026 2907 1311 2961 ἱππώλων
1348 2905 1414 2965 G.
1462 2908 1861 2975 καθορώμενος
1898 2907 1965 2959 A.
2003 2936 2068 2945 —
2105 2913 2137 2961 5
2172 2907 2500 2974 ἀγχῖμάχων
2543 2907 2597 2962 Η
2632 2924 2701 2963 ex

410 2974 755 3066 cornfflat.
800 3009 866 3062 A.
917 3038 983 3048 —
1029 3014 1061 3062 6
1095 3009 1519 3075 γλακτοφάγων
1557 3011 1622 3067 Α,
1678 3009 2137 3076 γαλακτοφάγων
2183 3007 2228 3060 L
2272 3008 2423 3078 Lips.
2470 3007 2697 3063 Barocc.

408 3110 471 3160 τ’
504 3111 682 3176 ἀβίων
717 3125 781 3163 τε
819 3108 884 3168 D,
922 3111 986 3163 τὲ
1020 3109 1091 3163 Η.
1130 3077 1379 3166 -ῗῖτι
1416 3127 1525 3164 om.
1564 3109 1631 3169 D.
1662 3118 1705 3168 1.
1743 3126 1892 3168 man.
1930 3109 2081 3179 Lips.
2114 3111 2332 3178 τράπεν
2358 3109 2425 3168 G.
2463 3117 2701 3176 φαεινῶι

409 3175 467 3230 L.
509 3208 570 3249 -ε
608 3183 640 3231 8
686 3179 811 3231 τινὰ
856 3180 1062 3232 ἔλπετο
1109 3177 1153 3230 Ε
1198 3177 1424 3233 Bai-oco.
1470 3195 1616 3232 κατα
1662 3183 1726 3237 A.
1772 3210 1837 3218 --
1882 3186 1914 3233 9
1957 3180 2245 3246 τρώιεςςιν
2280 3177 2384 3237 CL.
2430 3180 2701 3247 ἀρηξέμεν

413 3242 566 3297 AGH
604 3244 759 3302 Harl.
797 3244 973 3315 Lips.:
1012 3246 1289 3313 ἀρηγέμεν
1316 3245 1513 3301 CDLS.
1551 3248 1777 3314 ἀρήξειν
1812 3245 1858 3299 Ε
1893 3262 1993 3300 suo
2029 3263 2203 3302 more.
2238 3263 2324 3314 γρ.
2351 3250 2441 3300 καὶ
2477 3249 2702 3316 ἀρήξειν

407 3314 474 3366 A.
511 3343 576 3352 —
617 3320 678 3368 10
713 3314 887 3368 άλαὸς
925 3317 1162 3381 ςκοπιὴν
1208 3314 1284 3367 A:
1334 3314 1507 3384 vulgo
1553 3315 1956 3382 ἀλαοςκοπιὴν.
2007 3317 2391 3383 ἁλαοςκοπϊὴν
2429 3315 2489 3371 C.
2546 3317 2700 3396 εἶχεν

407 3431 691 3554 {ads-3¹11
738 3433 771 3487 ὃ
817 3431 1118 3488 ACDGHL
1161 3431 1350 3501 Apoll.
1398 3432 1570 3502 Soph.
1616 3438 1700 3501 86,
1754 3438 1833 3489 16.
1885 3435 2142 3502 πόλεμόν
2187 3432 2330 3488 EGL
2376 3434 2557 3490 Cram.
2596 3435 2702 3506 Ep.

544 3653 853 3707 Aouom'no
890 3671 1113 3707 omncs.
1186 3662 1217 3708 2
1253 3656 1432 3723 παρὰε
1482 3656 1787 3723 Ζηνόδοτος
1824 3659 1913 3709 καὶ
1950 3657 2330 3724 ἀριςτοφάνης
2367 3660 2495 3725 περὶ
2531 3662 2701 3725 τῆιςι·

410 3721 629 3787 μήποτ’
663 3722 766 3776 οὖν
791 3724 959 3788 διχῶς
996 3721 1346 3791 Didymus,
1384 3726 1533 3778 τινὲς
1560 3726 1703 3790 πρὸς
1728 3729 1850 3792 τῇςι
1876 3723 2060 3780 Schol.
2087 3724 2155 3778 V.
2192 3726 2414 3790 ἐχέμενε
2453 3726 2501 3778 Ζ
2541 3727 2703 3779 vobo·

408 3803 506 3841 τος
560 3790 622 3843 δὲ
665 3791 871 3856 ὀχέμεν
915 3789 1040 3844 Seh.
1075 3789 1145 3843 V.
1193 3821 1258 3830 ——
1306 3798 1335 3845 ὅ
1381 3793 1623 3847 Μυςῶν;
1683 3792 1918 3846 Μοιςῶν
1951 3791 2288 3846 Posidonius
2326 3792 2477 3860 apud
2555 3794 2702 3850 trab.

411 3854 561 3920 VIII,
598 3862 716 3912 296.
753 3859 1010 3925 ἀγαυῶνε
1056 3857 1155 3911 alii
1197 3860 1454 3925 Ἀγαυῶν
1490 3861 1638 3913 teste
1768 3859 1863 3913 oll.
1913 3859 1985 3913 So
2028 3859 2084 3915 h.
2120 3865 2170 3924 3,
2208 3865 2301 3924 23;
2351 3859 2419 3918 cf.
2455 3858 2699 3928 Hesyoh.

410 3922 453 3981 Ι.
497 3930 575 3978 15.
623 3955 694 4002 -—
749 3931 781 3979 6
821 3927 1025 3992 Ἀβίων
1071 3926 1449 3981 Aristarchus:
1499 3926 1599 3980 alii
1643 3928 1712 3993 ἀβ
1737 3944 1820 3979 ων
1865 3926 1936 3980 cf.
1984 3877 2171 3995 Xpoll.
2220 3925 2391 3994 Soph.
2444 3933 2493 3991 3,
2532 3934 2593 3982 17
2642 3929 2702 3981 et

410 3991 584 4056 ἀβιῶν
619 3992 754 4047 1bid.
791 4001 840 4059 3,
878 4001 962 4048 30.
1002 3995 1329 4061 ἀρίςταρχος
1366 3998 1538 4062 χωρὶς
1575 4000 1679 4048 τοῦ
1715 4001 1783 4047 τε
1819 3996 2191 4048 δικαιοτάτων
2228 3996 2553 4061 ἀνθρώπων
2589 3993 2701 4048 Di-

412 4057 664 4125 dymus,
718 4061 816 4115 alii
861 4063 1232 4115 δικαιοτάτων
1278 4066 1341 4114 τ’
1381 4065 1487 4116 ἀνθ
1526 4065 1709 4114 ώπων
1754 4062 1825 4114 cf.
1871 4060 2055 4129 Apoll.
2104 4061 2274 4130 Soph.
2312 4061 2350 4114 L
2384 4061 2423 4114 l.
2461 4061 2549 4115 Et.
2586 4061 2704 4133 Mg.

414 4130 529 4192 232,
566 4133 649 4184 48.
685 4127 868 4186 Nicol.
905 4128 1162 4183 Damaso.
1200 4129 1352 4197 apud
1389 4080 1546 4187 Stog.
1587 4128 1774 4182 Floril.
1802 4127 1873 4193 V,
1913 4135 1993 4182 73.
2022 4158 2095 4205 5—
2132 4135 2165 4183 8
2200 4129 2577 4197 άριςτοφάνης
2613 4133 2702 4185 διὰ

413 4197 515 4245 τοῦ
558 4200 592 4246 ’ἑ
639 4197 708 4250 οὐ
756 4199 862 4264 γὰρ
909 4199 1001 4251 ἔτ’
1053 4199 1356 4251 ἀθανάτων
1409 4195 1747 4263 Didymus
1796 4200 1892 4265 (an
1939 4194 2037 4247 ali1
2074 4198 2106 4249 ὅ
2150 4199 2212 4248 τ’
2256 4214 2360 4265 pro
2399 4199 2430 4251 ὅ
2466 4200 2598 4262 γ’ἳ).
2634 4228 2701 4239 —-

416 4266 478 4313 10
502 4261 671 4317 ἀλαὸς
697 4267 961 4331 ςκοπιὴνε
998 4264 1314 4318 Zenodotus
1339 4265 1520 4319 ἀλαὸν
1547 4266 1809 4331 ςκοπιὴν,
1851 4263 1963 4317 vid.
2001 4265 2039 4317 Κ
2062 4269 2175 4317 515.
2203 4299 2269 4309 -
2298 4270 2358 4318 12
2383 4265 2698 4334 ἀκροτάτης

415 4334 736 4452 ἓῗὶςὲιῦφέἕεῖθ
752 4332 1070 4452 ἀύςρὲτάτῃς
1117 4339 1371 4403 κορυφῇς
1418 4330 1844 4400 Aristophanes,
1931 4330 2116 4398 (άμου
2163 4332 2538 4386 Aristarchus:
2602 4334 2701 4388 alii

826 4418 845 4452 1
887 4417 1036 4467 ymo·

413 4540 416 4547 ‚
515 4490 703 4533 nometi
735 4494 864 4533 man.
911 4495 974 4535 11.
2266 4493 2292 4541 ¹
