3144 5006
1188 403 1530 461 ΙΛΙΑΔΟΕ
1589 401 1792 456 XXIII.
2523 403 2650 468 353

523 558 749 623 αὐτίκα
791 558 849 623 δ’
890 557 1230 637 ἠπείληςεν
1278 558 1564 643 ἑκηβόλῳ
1610 558 1970 624 Ἀπόλλωνι

525 658 744 738 ἀρνῶν
788 661 1237 739 πρωτογόνων
1283 661 1486 741 ῥέξειν
1531 661 1782 740 κλειτὴν
1826 660 2202 740 ἑκατόμβην.

526 760 642 841 ὕψι
688 761 745 827 δ’
789 763 917 827 ὑπὸ
963 763 1226 843 νεφέων
1272 762 1404 829 εἶδε
1447 764 1753 843 τρήρωνα
1796 763 2092 827 πέλειαν·

348 865 482 925 875
528 869 603 947 τῇ
649 862 706 943 ῥ’
750 863 788 929 ὅ
831 884 904 940 γε
949 865 1328 931 δινεύουςαν
1372 864 1503 931 ὑπὸ
1549 865 1870 944 πτέρυγος
1918 863 2070 944 βάλε
2115 863 2374 943 μέςςην,

526 963 787 1045 ἀντικρὺ
834 967 905 1031 δὲ
950 969 1165 1045 διῆλθε
1212 967 1426 1048 βέλος·
1471 968 1547 1033 τὸ
1593 968 1709 1047 μὲν
1755 966 1850 1046 ἂψ
1895 965 2000 1030 ἐπὶ
2041 964 2190 1049 γαίῃ

520 1067 804 1152 ,πρόςθεν
851 1068 1189 1147 Μηριόναο
1234 1068 1405 1149 πάγη
1450 1071 1685 1135 ποδός·
1733 1067 1937 1146 αὐτὰρ
1980 1066 2018 1145 ἡ
2066 1065 2246 1147 ὄρνις

522 1167 670 1249 ἱςτῷ
716 1168 1076 1250 ἐφεζομένη
1121 1171 1281 1251 νηὸς
1326 1174 1824 1253 κυανοπρῴροιο

524 1269 743 1349 αὐχέν’
786 1270 1252 1356 ἀπεκρέμαςεν,
1298 1274 1411 1339 ςὺν
1458 1275 1530 1339 δὲ
1572 1273 1777 1353 πτερὰ
1819 1271 2033 1338 πυκνὰ
2077 1270 2346 1335 λίαςςεν.

350 1376 481 1435 880
525 1371 693 1436 ὠκὺς
739 1372 797 1438 δ’
840 1373 909 1438 ἐκ
953 1374 1201 1454 μελέων
1248 1377 1447 1455 θυμὸς
1489 1375 1729 1452 πτάτο,
1772 1376 1925 1453 τῆλε
1972 1373 2027 1438 δ’
2072 1371 2182 1436 ἀπ’
2227 1370 2428 1438 αὐτοῦ

533 1474 846 1540 κάππεςε·
891 1476 1040 1540 λαοὶ
1084 1477 1140 1541 δ’
1186 1475 1268 1542 αὖ
1313 1477 1586 1557 θηεῦντό
1630 1497 1698 1542 τε
1743 1475 2066 1556 θάμβηςάν
2109 1494 2197 1539 τε.

528 1575 608 1640 ἂν
655 1576 712 1640 δ’
755 1575 882 1656 ἄρα
928 1577 1257 1658 Μηριόνης
1300 1579 1609 1645 πελέκεας
1653 1579 1807 1650 δέκα
1852 1578 2099 1642 πάντας
2143 1576 2351 1659 ἄειρε,

527 1677 808 1758 Τεῦκρος
853 1679 909 1743 δ’
950 1679 1334 1759 ἡμιπέλεκκα
1378 1681 1582 1761 φέρεν
1627 1681 1848 1746 κοίλας
1891 1680 1998 1745 ἐπὶ
2040 1683 2215 1758 νῆας.

689 1777 904 1858 ἀὐτὰρ
948 1781 1268 1862 Πηλείδης
1311 1783 1470 1848 κατὰ
1512 1784 1630 1864 μὲν
1677 1782 2079 1862 δολιχόςκιον
2125 1779 2343 1859 ἔγχος,

350 1885 476 1943 885
522 1882 643 1946 κὰδ
688 1882 760 1945 δὲ
805 1882 1010 1961 λέβητ’
1055 1880 1346 1967 ἄπυρον,
1393 1885 1546 1964 βοὸς
1591 1883 1802 1962 ἄξιον,
1850 1882 2281 1963 ἀνθεμόεντα.

525 1983 661 2062 θῆκ’
706 1983 772 2049 ἐς
816 1983 1044 2061 ἀγῶνα
1087 1985 1341 2065 φέρων·
1387 1985 1488 2050 καί
1533 1984 1590 2063 ῥ’
1635 1985 1872 2064 ἥμονες
1916 1985 2148 2065 ἄνδρες
2192 1983 2495 2052 ἀνέςταν·

522 2085 603 2151 ἂν
648 2086 763 2166 μὲν
807 2085 909 2165 ἄρ’
953 2084 1274 2166 Ἀτρείδης
1320 2085 1473 2165 εὐρὺ
1519 2087 1751 2166 κρείων
1797 2087 2243 2169 Ἀγαμέμνων,

523 2187 604 2252 ἂν
649 2188 705 2251 δ’
749 2186 874 2267 ἄρα
920 2187 1282 2269 Μηριόνης,
1331 2188 1634 2268 θεράπων
1683 2188 1791 2254 ἐὺς
1835 2190 2215 2270 Ἰδομενῆος.

520 2292 682 2354 τοῑςι
725 2291 795 2354 δὲ
840 2289 944 2354 καὶ
985 2290 1270 2370 μετέειπε
1324 2291 1652 2370 ποδάρκης
1698 2294 1836 2356 δῖος
1882 2291 2237 2371 Ἀχιλλεύς·

355 2395 482 2454 890
697 2390 1008 2470 Ἀτρείδη·
1054 2388 1236 2473 ἴδμεν
1280 2393 1404 2472 γὰρ
1449 2389 1606 2458 ὅςον
1652 2392 2055 2474 προβέβηκας
2099 2393 2411 2460 ἁπάντων

525 2491 627 2570 ἠδ’
670 2493 863 2561 ὅςςον
910 2492 1174 2572 δυνάμει
1216 2514 1286 2559 τε
1330 2495 1434 2559 καὶ
1476 2494 1701 2573 ἥμαςιν
1746 2493 1944 2561 ἔπλευ
1988 2493 2267 2575 ἄριςτος·

524 2595 691 2660 ἀλλὰ
734 2597 805 2661 ςὺ
850 2597 965 2675 μὲν
1008 2594 1144 2661 τόδ’
1186 2593 1443 2663 ἄεθλον,
1469 2597 1639 2677 ἔχων
1685 2598 1907 2663 κοίλας
1950 2597 2055 2662 ἐπὶ
2098 2602 2258 2677 νῆας

492 2780 560 2834 V.
598 2736 819 2837 1..——8-74
853 2742 988 2849 nme}
1032 2780 1089 2835 C.
1136 2782 1293 2836 ΥΠΟ
1342 2781 1462 2849 Syr.
1510 2783 1625 2837 ὑπο
1668 2781 1922 2861 Η..ὑπαί
1968 2781 2194 2837 ACELS
2240 2783 2378 2842 Mor.
2415 2784 2643 2841 Baroec.

356 2848 568 2904 Townl.
608 2847 790 2905 Cram.
829 2848 931 2917 Ep.
967 2854 1085 2913 418,
1124 2855 1206 2903 24.
1244 2850 1382 2903 ὑπαι
1418 2847 1536 2903 DG.
1579 2851 1663 2904 ἷδέ
1699 2849 1851 2919 Llps.
1887 2851 2043 2906 ἴδετο
2080 2848 2115 2904 S
2152 2850 2189 2905 S
2262 2894 2273 2906 .
2316 2851 2471 2908 Cant.
2509 2854 2645 2915 Mor,

351 2916 511 2973 Vrat.
551 2917 605 2970 d.
641 2920 706 2975 A.
742 2915 888 2979 Flor.
917 2948 981 2956 —
1016 2923 1116 2972 875
1151 2918 1261 2984 τήν
1296 2920 1350 2984 ῥ’
1382 2916 1540 2972 DGH
1575 2916 1723 2972 Flor.
1763 2917 2139 2988 rfip’ACELS
2215 2937 2294 2990 yr.
2323 2920 2481 2981 Cant.
2507 2921 2648 2978 Mor.

353 3019 509 3075 Harl.
548 3019 763 3074 Townl.
799 3018 947 3088 Lips.
984 3019 1154 3075 Mose.
1196 3026 1245 3074 2.
1283 3019 1439 3075 Vrat.
1466 3021 1538 3077 A.
1577 3020 1737 3075 Rom.
1773 3022 1888 3077 ὑπο
1912 3021 2031 3076 ΑΗ.
2068 3025 2347 3090 πτερύγος
2370 3024 2431 3079 E.
2469 3006 2645 3082 AA'BG

353 3104 455 3157 pro
492 3088 626 3155 βάλε
663 3086 784 3156 Syr.
822 3089 1018 3156 μέςςης
1056 3087 1096 3142 C
1134 3087 1289 3142 Harl.
1324 3089 1492 3143 Mose.
1529 3096 1579 3143 2.
1628 3091 1800 3158 μέςην
1837 3088 1906 3143 D.
1954 3092 2155 3156 μέςςαν
2190 3090 2260 3148 Η.
2310 3094 2507 3157 μέςςον
2542 3095 2645 3150 Ba-

357 3172 499 3211 roco.
536 3155 676 3210 Mor.
715 3156 839 3220 μέςς
881 3172 908 3210 ς
943 3159 977 3221 ἢ
1017 3157 1221 3223 μέςςην
1254 3156 1301 3209 Ε
1330 3164 1476 3224 1333,
1511 3163 1594 3215 59.
1633 3158 1800 3223 μέςης
1841 3164 1990 3224 1334,
2016 3165 2096 3217 26.
2133 3188 2199 3197 --
2237 3165 2336 3214 876
2374 3164 2488 3217 ΑΨ·
2521 3162 2641 3232 Syr.

355 3255 417 3263 —
454 3230 555 3279 877
592 3225 801 3291 πρόςθε
838 3174 908 3278 Β.
949 3225 1208 3279 ΑΥΤΑΡ’
1241 3222 1362 3293 Syr.
1398 3228 1434 3293 ἡ
1472 3225 1655 3280 omitt.
1693 3224 1750 3279 C.
1785 3254 1852 3264 —
1887 3231 1987 3281 878
2023 3229 2453 3331 κυαιὲπκρώροιο
2478 3233 2541 3284 A.
2587 3263 2642 3270 --

355 3331 452 3380 879
498 3326 848 3392 ἀπεκρέμαςε
895 3324 953 3383 Ο.
1006 3325 1388 3392 ἑπεκρέμαςεν
1423 3325 1467 3379 L
1508 3325 1658 3396 Lips.
1713 3326 2065 3395 ὑπεκρέμαςε
2107 3328 2153 3382 Ε
2203 3336 2350 3396 1333,
2398 3336 2488 3397 6ος
2544 3333 2643 3386 sed

359 3398 510 3459 1334,
548 3398 614 3445 29
651 3393 1049 3461 ἀπεκρέμαςεν.
1086 3394 1305 3450 λίαςςεν
1341 3392 1420 3447 D:
1456 3393 1635 3449 ceteri
1671 3395 1915 3451 λίαςθεν.
1943 3425 2006 3435 —-
2044 3401 2145 3451 880
2179 3399 2392 3453 ἔπτατο
2429 3397 2640 3455 Townl.

355 3464 517 3526 τῆλεε
554 3462 655 3526 ἥδε
691 3459 849 3515 Vrat.
885 3459 940 3517 cl.
976 3492 1041 3499 —
1077 3467 1174 3515 881
1212 3463 1454 3517 κάπεςεν
1493 3462 1541 3516 D
1568 3493 1630 3502 —
1658 3468 1788 3518 ‚882'
1813 3465 1883 3517 ἀν
1920 3462 2179 3519 CDGHL.
2214 3466 2299 3520 ἄει
2338 3485 2364 3522 ε
2399 3465 2643 3521 ACGHL

356 3528 474 3597 Syr.
519 3528 705 3596 ἀείρας
752 3527 819 3582 D.
865 3558 931 3567 —
975 3533 1075 3583 883
1111 3530 1453 3596 ήμιπέλεκας
1502 3529 1569 3583 D.
1615 3532 1931 3597 ὴμιπέλεκα
1976 3531 2042 3586 G.
2086 3534 2227 3601 φέρε
2316 3534 2384 3594 D.
2430 3565 2498 3575 —
2542 3542 2643 3591 884

356 3613 495 3651 κατα
532 3596 590 3651 L.
636 3597 980 3663 δολιχόςκιον
1016 3598 1080 3651 A.
1136 3628 1203 3635 —
1255 3602 1356 3654 886
1400 3599 1565 3653 καδδὲ
1609 3598 1920 3654 ACDGHL.
1972 3600 2204 3656 ΚΑΔΔΕ
2249 3600 2369 3670 Syr.
2424 3634 2488 3643 -
2540 3609 2641 3659 886
2676 3629 2684 3637 ·

354 3700 538 3777 ἤμων·ι
571 3663 1009 3767 ἄνδρ’ᾏέςταν
1046 3696 1113 3755 D.
1148 3729 1213 3738 —
1249 3704 1348 3793 887
1386 3701 1456 3753 ἀν
1491 3698 1655 3755 ODG.
1694 3701 1783 3769 ἄρ’
1816 3700 2000 3788 qmifx..
2034 3701 2101 3757 D.
2149 3703 2282 3771 εὐρὺ
2320 3704 2527 3772 κρείων
2563 3707 2639 3760 A:

355 3766 1160 3904 ῗξᾱὲβῇῖεὲκιῑθιιῑὲὲθ
1191 3765 1465 3891 3312?ss
1494 3773 1739 3891 5223.
1762 3770 1987 3903 ms
2016 3768 2083 3892 3:
2128 3801 2193 3809 -
2237 3777 2339 3826 ⁸⁹⁰
2374 3773 2542 3828 δίων
2576 3772 2640 3832 G·

361 3956 593 3967 ———-ss—-—-
624 3961 759 3967 ..————

486 4021 552 4074 A.
588 4039 636 4074 c.
708 4020 893 4076 Schol.
933 4021 1000 4076 A.
1050 4023 1314 4091 χείρεςςιν
1349 4024 1478 4091 ἔχεν
1524 4021 1706 4077 Schol.
1744 4022 1817 4090 V)
1866 4023 2072 4090 πάλαι,
2120 4025 2197 4078 ὡς
2235 4025 2442 4081 ἴθυνεν.
2482 4029 2642 4082 Anti-

357 4088 581 4142 machus
626 4092 1005 4157 ςπερχόμενος
1053 4092 1104 4144 δ’
1147 4092 1254 4157 ἄρα
1303 4091 1596 4158 Μηριόνης
1642 4092 1888 4146 ἐξείλετο
1936 4094 2107 4148 τόξον
2143 4110 2206 4159 χε
2244 4094 2329 4148 ςίν
2376 4095 2640 4163 (ὲξείρυςε

357 4157 605 4224 Τεύκρου
648 4159 846 4213 τόξον·
895 4160 1044 4225 χερςῑ
1090 4160 1141 4212 δ’
1187 4159 1378 4213 οἰςτὸν
1421 4158 1466 4211 Ε
1503 4158 1686 4216 Schol.
1723 4158 1798 4223 V)
1835 4159 2018 4217 Schol.
2055 4159 2173 4214 AV.
2257 4163 2364 4217 ust.
2405 4169 2550 4225 1334,
2590 4170 2638 4217 6.

357 4254 418 4263 —
451 4230 553 4279 879
588 4226 916 4294 ἀρίςταρχος
954 4226 1173 4281 λίαςςεν
1207 4224 1556 4294 Didymus.
1597 4229 1784 4282 οὕτως
1832 4229 2186 4296 Ἀρίςταρχος
2232 4230 2321 4283 διὰ
2365 4236 2486 4284 τῶν
2532 4232 2636 4285 δύο

357 4298 404 4347 ’ς’.
437 4294 473 4357 ἡ
510 4293 573 4346 δὲ
608 4294 1038 4361 Μαςςαλιωτικὴ
1076 4295 1268 4363 λιάςθη
1307 4292 1488 4351 Schol.
1526 4297 1594 4349 A.
1631 4324 1697 4333 —
1743 4301 1844 4350 886
1878 4296 2476 4364 ἤμονεςᾞθτοᾱίαοαε
2513 4316 2639 4352 cum

359 4358 701 4414 Aristarcho:
742 4361 838 4414 alii
872 4363 1134 4430 ῥήμονες.

453 4454 643 4495 Homeri
669 4454 800 4496 man.
840 4456 906 4496 11.
2166 4453 2233 4503 23
