3144 5006
483 292 609 358 338
1400 291 1733 347 ΙΛΙΑΔΟΕ
1779 291 1837 344 Λ.
1885 293 1894 302 “

655 445 725 509 ἐν
771 447 989 524 νηυςὶν
1033 444 1250 510 κέαται
1295 444 1672 525 βεβλημένοι
1718 442 2062 523 οὐτάμενοί
2104 465 2174 509 τε

656 548 869 626 χερςὶν
916 547 1043 612 ὕπο
1090 548 1366 627 Τρώων·
1412 550 1545 610 τῷν
1592 548 1663 611 δὲ
1709 547 1931 612 ςθένος
1975 546 2239 625 ὄρνυται
2283 545 2455 624 αἰέν.,

660 649 802 713 ἀλλ’
844 649 952 728 ἐμὲ
997 650 1111 729 μὲν
1159 650 1231 714 ςῦ
1277 647 1524 714 ςάωςον
1570 647 1750 724 ἄγων
1796 648 1899 712 ἐπὶ
1944 652 2068 727 νῆα
2111 649 2437 730 μέλαιναν,

653 756 858 832 μηροῦ
903 751 960 816 δ’
1003 750 1214 828 ἔκταμ’
1257 749 1491 832 ὀιςτόν,
1536 750 1648 815 ἀπ’
1692 750 1893 816 αὐτοῦ
1939 750 1995 814 δ’
2039 747 2191 829 αἷμα
2233 751 2529 815 κελαινὸν

486 859 611 917 830
655 853 770 919 νίζ’
813 853 993 918 ὕδατι
1040 856 1260 935 λιαρῷ,
1306 852 1412 916 ἐπὶ
1454 852 1511 917 δ’
1554 853 1713 931 ἤπια
1757 853 2062 933 φάρμακα
2105 852 2322 934 πάςςε,

652 953 873 1036 έςθλά,
916 955 997 1019 τά
1041 974 1105 1018 ςε
1149 954 1338 1034 προτί
1382 975 1578 1034 φαςιν
1616 954 1956 1035 -Ἀχιλλῆος
2000 954 2384 1036 δεδιδάχθαι,

653 1058 732 1121 ὃν
780 1056 1021 1134 Χείρων
1066 1055 1341 1139 ἐδίδαξε,
1385 1056 1785 1121 δικαιότατος
1834 1056 2234 1135 Κενταύρων.

588 1241 599 1251 .
652 1158 856 1238 ἰητροὶ
899 1159 1014 1236 μὲν
1057 1159 1182 1237 γὰρ
1224 1156 1655 1238 Ποδαλείριος
1699 1158 1814 1236 ἠδὲ
1861 1157 2173 1241 Μαχάων,

650 1262 767 1325 τὸν
811 1260 927 1340 μὲν
973 1260 1070 1324 ἑνὶ
1111 1260 1402 1344 κλιςίῃςιν
1450 1259 1663 1337 ὀίομαι
1709 1261 1896 1325 ἕλκος
1938 1260 2197 1343 ἔχοντα,

483 1368 604 1426 835
650 1361 991 1442 χρηίζοντα
1034 1363 1135 1426 καὶ
1179 1361 1379 1426 αὐτὸν
1424 1360 1756 1440 ἀμύμονος
1799 1362 2075 1450 ἰητῆρος,

648 1466 910 1528 κεῑςθαι·
960 1465 998 1528 ὃ
1047 1463 1104 1528 δ’
1146 1462 1218 1528 ἐν
1264 1463 1465 1545 πεδίῳ
1509 1463 1757 1542 Τρώων
1802 1465 1976 1543 μένει
2021 1463 2175 1529 ὀξὺν
2220 1461 2402 1543 ἄρηα.

818 1566 939 1630 τὸν
984 1565 1041 1630 δ’
1085 1564 1236 1629 αὖτε
1281 1566 1620 1645 προςέειπε
1668 1567 2014 1631 Μενοιτίου
2058 1563 2322 1646 ἄλκιμος
2365 1564 2525 1630 υἱός·

649 1671 791 1733 πῶς
834 1666 889 1731 τ’
932 1666 1033 1746 ἄρ’
1078 1666 1175 1731 ἔοι
1220 1668 1373 1731 τάδε
1418 1666 1605 1745 ἔργα;
1652 1667 1709 1732 τί
1754 1667 2020 1747 ῥέξομεν
2065 1666 2380 1747 Εὐρύπυλ’
2424 1666 2626 1746 ἥρωες

651 1772 949 1852 ἔρχομαι,
993 1767 1147 1848 ὄφρ’
1191 1769 1430 1849 Ἀχιλῆι
1477 1771 1781 1849 δαΐφρονι
1826 1772 2031 1847 μῦθον
2077 1769 2334 1852 ἐνίςπω,

484 1877 609 1936 840
652 1873 733 1937 ὃν
771 1872 1035 1960 νΝέςτωρ
1080 1871 1380 1935 ἐπέτελλε
1429 1872 1743 1954 Γερήνιος,
1790 1870 1988 1951 οὖρος
2031 1871 2330 1951 Ἀχαιῶν·

653 1975 793 2040 ἀλλ’
839 1973 979 2038 οὐδ’
1024 1971 1115 2037 ὧς
1159 1994 1279 2053 περ
1326 1976 1458 2038 ςεῖο
1505 1976 1753 2053 μεθήςω
1797 1974 2218 2054 τειρομένοιο.

818 2076 891 2159 ἦ,
936 2076 1040 2140 καὶ
1080 2073 1209 2140 ὑπὸ
1255 2075 1544 2154 ςτέρνοιο
1593 2077 1809 2156 λαβὼν
1854 2073 1971 2151 ἄγε
2015 2076 2292 2155 ποιμένα
2337 2076 2513 2140 λαῶν

657 2178 725 2242 ἐς
769 2178 1036 2255 κλιςίην·
1081 2175 1383 2255 θεράπων
1428 2178 1499 2241 δὲ
1544 2176 1700 2242 ἰδὼν
1746 2175 2016 2256 ὑπέχευε
2063 2177 2289 2257 βοείας.

650 2278 808 2343 ἔνθά
851 2300 954 2358 μιν
997 2278 1340 2343 έκτανύςας
1387 2277 1455 2341 ἐκ
1499 2283 1706 2358 μηροῦ
1752 2279 1949 2358 τάμνε
1992 2279 2265 2363 μαχαίρῃ

482 2385 604 2443 845
651 2380 766 2446 ὀξὺ
811 2380 1000 2460 βέλος
1043 2380 1449 2463 περιπευκές,
1494 2379 1606 2446 ἀπ’
1649 2380 1848 2445 αὐτοῦ
1895 2381 1952 2444 δ’
1994 2379 2147 2459 αἷμα
2191 2379 2492 2446 κελαινὸν

648 2482 772 2550 νίζ’
817 2482 997 2548 ὕδατι
1042 2486 1264 2567 λιαρῷ,
1309 2482 1413 2547 ἐπὶ
1459 2485 1529 2548 δὲ
1582 2481 1758 2563 ῥίζαν
1807 2483 1960 2565 βάλε
2004 2484 2233 2563 πικρὴν

650 2586 822 2665 χερςὶ
867 2586 1236 2669 διατρίψας,
1282 2584 1724 2669 ὀδυνήφατον,
1769 2587 1807 2665 ἥ
1856 2585 1916 2650 οἱ
1960 2585 2207 2650 ἁπάςας

652 2688 793 2767 ἔςχ’
837 2686 1104 2753 ὀδύνας·
1153 2688 1229 2752 τὸ
1274 2689 1389 2767 μὲν
1436 2688 1621 2753 ἕλκος
1665 2686 1976 2770 ἐτέρςετο,
2023 2688 2311 2752 παύςατο
2358 2687 2414 2751 δ’
2457 2684 2626 2766 αἷμα.

616 2873 683 2927 V.
722 2893 774 2928 1..
826 2879 925 2928 826
961 2875 1119 2939 νηυςὶ
1156 2871 1223 2925 D.
1261 2903 1315 2911 -
1360 2879 1460 2927 827
1496 2873 1612 2927 ὑπὸ
1650 2871 1807 2926 DEL.
1845 2874 2055 2941 τρῲων
2088 2871 2147 2925 L.
2188 2871 2383 2940 ὄρνυτ’
2417 2870 2482 2925 G.
2522 2873 2766 2940 ὢρνυται

478 2941 536 2996 L.
574 2941 696 2996 αἰὲν
731 2939 1072 2994 AODEGHL
1108 2956 1234 2994 cum
1269 2939 1428 2993 libris
1451 2939 1673 3008 Heynii.
1710 2971 1775 2979 —
1813 2946 1913 2993 828
1948 2942 2179 3008 ἑπινῆας
2217 2943 2250 2993 ἀ
2288 2945 2432 2994 αιῷν
2457 2939 2524 2993 D.
2563 2970 2626 2979 —-
2663 2947 2763 2995 829
2850 2950 2856 2955 ‘

481 3014 661 3077 μηροῦ
697 3012 752 3062 τ’
786 3009 844 3061 L.
887 3039 940 3046 —
983 3012 1083 3062 830
1118 3012 1329 3074 χλιαρῷ
1366 3008 1512 3077 Lips.
1550 3015 1595 3062 2.
1636 3025 1783 3061 man.
1820 3007 1977 3065 Vrab.
2012 3010 2078 3061 A.
2116 3011 2206 3063 ἐπι
2286 3008 2341 3060 L.
2377 3009 2469 3062 ἐπὶ
2504 3010 2564 3062 δὲ
2597 3006 2664 3062 G.
2699 3038 2765 3047 --

478 3084 574 3131 831
624 3094 790 3144 προτι
834 3075 900 3133 D.
961 3079 1130 3142 φαςὶν
1177 3074 1317 3129 CDF}
1363 3081 1487 3139 886,
1535 3081 1601 3129 58
1647 3075 1808 3129 Gffl..
1864 3106 1929 3114 -
1974 3082 2074 3130 832
2121 3078 2464 3143 δικαιότερος
2519 3076 2568 3129 G
2627 3075 2766 3129 Mor.

483 3146 707 3198 Bal-occ.
759 3174 821 3183 —
867 3150 966 3197 833
1013 3144 1205 3211 ἰατρὸς
1249 3143 1338 3200 Et.
1376 3142 1435 3196 M
1479 3185 1491 3197 .
1526 3146 1654 3210 678,
1694 3150 1775 3197 24.
1822 3146 1927 3210 γὰρ
1973 3144 2155 3198 omitt.
2194 3144 2258 3197 G.
2305 3145 2432 3209 ἠδὲε
2470 3147 2560 3197 καί
2598 3144 2662 3197 G.
2704 3174 2766 3183 —

479 3219 578 3266 834
616 3215 698 3266 ἑνι
734 3212 798 3266 D.
836 3212 897 3264 ἐν
931 3210 991 3268 L.
1038 3247 1101 3254 -
1150 3217 1249 3265 836
1286 3213 1319 3265 ὃ
1355 3214 1406 3266 δ’
1495 3252 1507 3265 .
1543 3214 1628 3265 ὅδ’
1664 3210 1871 3265 CGHL.
1917 3215 2127 3281 τρῷων
2161 3210 2223 3265 L.
2264 3243 2325 3253 -
2362 3216 2462 3265 838
2497 3216 2623 3265 πῶς
2657 3213 2730 3265 τά

479 3282 545 3333 Α.
583 3285 707 3333 πῶς
741 3282 795 3332 τ’
827 3281 897 3347 ἂρ
935 3278 1140 3336 CDGL.
1177 3285 1302 3333 πῶς
1338 3281 1405 3347 ἂρ
1441 3280 1506 3333 Ε.
1553 3284 1679 3334 πῶς
1717 3297 1816 3333 κεν
1854 3279 2036 3333 Cram.
2084 3279 2265 3349 Epim.
2302 3284 2417 3343 367,
2453 3284 2535 3333 29.
2582 3278 2728 3333 Seho
2753 3320 2767 3334 .

477 3350 522 3402 Ω
557 3354 640 3405 22.
687 3377 753 3386 —
799 3353 898 3400 839
936 3349 1068 3414 ὄφρ’
1103 3346 1286 3403 omitt.
1320 3346 1381 3400 L.
1428 3349 1674 3402 ἑνίςπων
1709 3347 1771 3401 L.
1816 3348 1995 3413 ἐνίψω
2042 3346 2222 3401 Cram.
2256 3346 2367 3416 Ep.
2423 3353 2532 3412 141,
2579 3353 2663 3401 27.
2701 3376 2764 3385 -

479 3422 580 3469 840
616 3416 852 3469 ἐπέτελε
879 3414 953 3476 D.
997 3445 1051 3453 —-
1092 3421 1191 3469 842
1228 3416 1343 3469 ὑπο
1378 3413 1440 3469 L.
1477 3446 1541 3454 —
1578 3420 1678 3469 843
1712 3419 1774 3469 ἐν
1811 3419 1989 3485 «Metu
2028 3415 2098 3470 H.
2133 3446 2197 3455 -
2235 3421 2335 3468 844
2371 3416 2507 3468 ἔνθά
2544 3430 2635 3481 μιν
2672 3414 2765 3468 CD

479 3483 591 3536 HL.
630 3485 722 3548 μὶν
748 3483 813 3537 (3.
853 3482 1088 3551 μαχαίρῃ
1114 3482 1294 3538 omitt.
1322 3483 1389 3537 H.
1429 3514 1495 3523 —
1531 3489 1632 3538 845
1670 3485 2003 3583 περιξευκὲς
2027 3486 2089 3537 Α.
2130 3514 2193 3522 -
2229 3489 2329 3536 846
2362 3486 2575 3551 χλιαρῷ
2606 3482 2764 3540 Cant.

481 3585 627 3654 hips.
663 3583 821 3638 Vrat.
860 3584 926 3638 A.
966 3616 1030 3625 —-
1067 3590 1165 3639 847
1203 3586 1570 3717 ὀδυνρῗὲιτον
1608 3584 1672 3637 Α.

615 3760 681 3810 A.
728 3775 773 3811 c.
838 3762 935 3811 831
963 3758 1300 3823 δεδιδάχθαι;
1327 3757 1635 3823 ,Ζηνόδοτος
1659 3757 1952 3810 δεδάαςθαι
1978 3755 2321 3823 Didymus,
2348 3786 2411 3794 —-
2439 3762 2538 3811 832
2563 3756 2765 3809 δικαιό-

476 3842 650 3879 τατος
687 3825 1054 3879 AristatchuS.
1090 3855 1156 3864 —
1191 3828 1290 3879 838
1327 3826 1434 3878 έοιε
1472 3826 1778 3891 ζηνόδοτος
1814 3826 1901 3878 διὰ
1949 3828 2054 3878 τοῦ
2100 3843 2133 3890 η
2180 3826 2281 3892 ἔην
2318 3823 2660 3891 Didymus.
2698 3855 2765 3862 ——

477 3898 572 3945 841
614 3899 726 3947 ςεῖο
773 3894 1026 3961 μεθήςωε
1072 3893 1374 3961 ζηνόδοτος
1397 3886 1472 3946 δὲ
1518 3892 1804 3959 ἀμελήςω·
1853 3895 2301 3960 ποιητικώτερον
2345 3893 2406 3946 δὲ
2452 3895 2521 3945 τὸ
2567 3893 2765 3959 ἕτερον

479 3960 828 4029 Didymae.
889 3963 1004 4029 (εἶ’,
1043 3960 1194 4031 quod
1231 3959 1520 4013 Bekkerus
1556 3961 1688 4012 ante
1714 3962 1976 4027 ἀμελήςω
2013 3960 2271 4026 inseruit,
2311 3977 2422 4013 non
2461 3961 2547 4013 est
2580 3959 2637 4012 in
2675 3976 2765 4014 co-

479 4028 630 4093 dice,
667 4045 772 4082 nec
808 4031 979 4099 possta
1015 4045 1080 4085 eo
1118 4031 1204 4082 est
1236 4046 1393 4093 usne,
1430 4027 1529 4081 sed
1566 4033 1677 4092 ςεῦ,
1714 4027 1859 4085 conf.
1899 4027 1970 4080 ad
2005 4029 2053 4081 Z
2087 4034 2205 4080 454.
