3144 5006
521 436 639 499 126
915 436 922 444 ’
1438 437 1765 493 ΙΛΙΑΔΟ(
1813 436 1867 492 Ε.

523 597 642 651 ’130
684 591 764 669 μή
811 612 867 655 τι
913 591 984 655 εὐ
1029 592 1099 667 γ’
1142 591 1506 657 ἀθανάτοιο
1551 593 1724 655 θεοῖς
1766 590 2025 669 ἀντικρὺ
2071 591 2370 672 μάχεςθαι

585 769 589 772 Α
684 694 818 756 τοῖς
861 691 1113 756 ἄλλοις·
1159 694 1321 771 ἀτὰρ
1366 693 1424 756 εἴ
1467 713 1534 756 κε
1581 692 1743 756 Διὸς
1787 693 2067 772 θυγάτηρ
2111 694 2454 774 Ἀφροδίτη

686 794 906 878 ἔλθῃς’
950 795 1017 860 ές
1061 795 1380 878 πόλεμον,
1426 795 1544 872 τήν
1588 794 1660 868 γ’
1704 793 1993 873 οὐτάμεν·
2030 794 2160 861 ὀξέι
2206 799 2439 878 χαλκῷ.

853 897 893 974 ἢ
937 898 1053 974 μὲν
1096 895 1208 975 ἄρ’
1251 896 1340 960 ὣς
1384 895 1638 959 εἰποῦς’
1683 895 1887 975 ἀπέβη
1931 898 2297 971 γλαυκῶπις
2343 896 2606 977 Ἀθήνη,

686 997 989 1076 Τυδείδης
1033 998 1100 1060 δ’
1142 996 1386 1062 ἐξαῦτις
1431 996 1548 1060 ἰὼν
1595 998 2017 1075 προμάχοιςιν
2062 998 2309 1079 ἐμίχθη·

521 1106 638 1161 135
685 1102 786 1164 καὶ
829 1098 978 1179 πρίν
1023 1119 1144 1177 περ
1189 1105 1367 1183 θυμῷ
1413 1100 1669 1177 μεμαὼς
1714 1099 1988 1177 Τρώεςςι
2033 1099 2364 1181 μάχεςθαι,

687 1202 763 1278 δὴ,
806 1201 954 1264 τότε
999 1221 1102 1279 μιν
1145 1202 1280 1279 τρὶς
1325 1201 1552 1265 τόςςον
1598 1201 1747 1266 ἕλεν
1792 1201 2019 1282 μένος,
2062 1201 2151 1265 ὥς
2192 1222 2262 1266 τε
2309 1203 2567 1288 λέοντα,

681 1302 761 1366 ὅν
808 1302 890 1381 ῥά
932 1322 1000 1366 τε
1045 1305 1281 1381 ποιμὴν
1325 1303 1505 1386 ἀγρῷ
1549 1302 1659 1366 ἐπ’
1705 1302 2068 1380 εἰροπόκοις
2112 1295 2299 1369 ὀίεςςι

684 1404 924 1487 χραύςῃ
970 1404 1085 1483 μέν
1129 1405 1193 1468 τ’
1236 1404 1437 1482 αὐλῆς
1482 1404 1931 1483 ὑπεράλμενον
1979 1404 2133 1469 οὐδὲ
2177 1406 2484 1487 δαμάςςῃ·

680 1508 800 1569 τοῦ
846 1506 961 1584 μέν
1003 1525 1072 1570 τε
1119 1506 1340 1571 ςθένος
1385 1504 1620 1588 ὦρςεν,
1666 1505 1885 1570 ἔπειτα
1927 1507 1999 1569 δέ
2044 1507 2107 1569 τ’
2153 1507 2233 1571 οὐ
2278 1507 2697 1588 προςαμύνει,

518 1613 640 1667 140
682 1606 851 1671 ἀλλὰ
893 1608 1052 1675 κατὰ
1096 1608 1407 1685 ςταθμοὺς
1451 1609 1697 1689 δύεται,
1738 1608 1819 1671 τὰ
1862 1608 1928 1670 δ’
1973 1607 2176 1687 ἐρῆμα
2219 1612 2543 1689 φοβεῖται·

607 1738 608 1741 “
684 1709 752 1772 αἳ
796 1709 911 1787 μέν
957 1711 1021 1773 τ’
1065 1709 1412 1787 ἀγχιςτῖναι
1455 1710 1567 1773 ἐπ’
1613 1709 1916 1792 ἀλλήλῃςι
1958 1709 2285 1792 κέχυνται,
2550 1706 2560 1718 ‘

685 1809 885 1889 αὐτὰρ
932 1812 970 1875 ὃ
1018 1811 1347 1889 ἐμμεμαὼς
1393 1812 1623 1891 βαθέης
1668 1811 1994 1889 ἐξάλλεται
2034 1810 2266 1889 αὐλῆς·

686 1912 775 1976 ὣς
821 1913 1074 1991 μεμαὼς
1119 1912 1393 1990 Τρώεςςι
1439 1913 1587 1991 μίγη
1631 1913 1936 1991 κρατερὸς
1978 1914 2327 1991 Διομήδης.

854 2013 999 2078 ἔνθ’
1037 2013 1189 2077 ’ἕλεν
1236 2014 1579 2079 Ἀςτύνοον
1624 2015 1725 2078 καὶ
1768 2014 2147 2095 Ὑπείρονα,
2194 2015 2470 2095 ποιμένα
2515 2018 2725 2099 λαῶν,

521 2121 636 2176 145
684 2116 800 2180 τὸν
847 2117 960 2195 μὲν
1006 2114 1182 2203 ὑπὲρ,
1213 2119 1442 2195 μαζοῖο
1488 2117 1705 2194 βαλὼν
1750 2116 2047 2194 χαλκήρεϊ
2091 2116 2305 2197 δουρί,

685 2219 801 2281 τὸν
845 2218 913 2280 δ’
957 2217 1181 2294 ἕτερον
1226 2215 1395 2296 ξίφεϊ
1437 2217 1695 2300 μεγάλῳ
1739 2219 1963 2295 κληῖδα
2006 2218 2166 2295 παρ’
2211 2215 2391 2295 ὦμον

684 2318 892 2396 πλῆξ’,
938 2316 1071 2382 ἀπὸ
1115 2318 1185 2381 δ’
1227 2318 1505 2396 αὐχένος
1550 2316 1732 2397 ὦμον
1775 2318 2078 2397 ἐέργαθεν
2123 2320 2232 2397 ἠδ’
2275 2318 2406 2383 ἀπὸ
2451 2320 2684 2384 νώτου.

685 2420 838 2484 τοὺς
883 2420 996 2497 μὲν
1041 2417 1201 2501 ἔας’,
1247 2423 1284 2485 ὃ
1331 2421 1397 2484 δ’
1440 2421 1720 2499 Ἄβαντα
1763 2422 2086 2503 μετῴχετο
2132 2421 2233 2484 καὶ
2274 2421 2639 2497 Πολύιδον,

652 2639 719 2692 V.
756 2658 803 2693 1..
859 2646 957 2694 130
993 2641 1070 2708 μή
1103 2657 1157 2693 τι
1193 2641 1256 2697 ςύ
1292 2642 1372 2705 γ’;
1412 2643 1487 2706 μὴ
1526 2642 1658 2705 ςύγε
1684 2637 1775 2694 NS
1809 2638 1967 2695 Cant.
2011 2643 2084 2706 μὴ
2123 2642 2295 2707 ςύπερ
2331 2640 2404 2694 Μ.
2456 2671 2521 2679 -
2574 2648 2661 2695 131
2702 2643 2799 2695 αὐ-

515 2710 621 2775 τὰρ
657 2706 730 2761 Μ.
768 2708 819 2780 εἴ
854 2724 943 2761 κει
979 2708 1031 2762 εἰ
1067 2711 1155 2761 καί
1190 2707 1259 2762 D.
1301 2738 1362 2747 —
1403 2714 1498 2763 132
1533 2710 1644 2777 τήν
1678 2711 1755 2773 γ’;
1790 2710 1951 2776 τήνδ’
1984 2707 2058 2760 Μ.
2086 2738 2150 2748 -
2178 2715 2275 2763 133
2310 2710 2346 2775 ἢ
2382 2708 2706 2762 Athenaeus
2730 2709 2797 2770 X,

513 2781 631 2830 458.
674 2777 743 2843 ἂρ
780 2773 1059 2830 DGLMN.
1114 2777 1184 2844 ὰρ
1219 2778 1287 2830 A.
1337 2778 1419 2830 ὡς
1455 2777 1520 2831 A.
1572 2805 1637 2815 —
1688 2782 1784 2830 134
1827 2777 1885 2830 ἐξ
1921 2778 2078 2831 αὖτις
2123 2774 2183 2830 L.
2234 2778 2451 2830 ἐξαῦθις
2484 2775 2542 2829 C.
2587 2806 2654 2815 —
2704 2783 2800 2830 135

518 2844 717 2911 καίπερ
752 2846 886 2911 πρὶν
923 2841 989 2897 G.
1040 2845 1272 2912 τρῲεςςι
1307 2842 1417 2898 DL.
1471 2874 1540 2884 —
1595 2850 1692 2898 136
1739 2845 1832 2898 ἕλε
1869 2843 1909 2898 C
1956 2851 2000 2898 1.
2047 2860 2193 2896 man.
2239 2843 2362 2899 GN.
2411 2843 2561 2898 εἶλεν
2599 2843 2674 2897 Μ.
2720 2846 2798 2897 ὥς

515 2929 578 2966 τε
616 2911 682 2964 D.
720 2942 782 2950 —
824 2917 916 2965 137
953 2913 1023 2964 ὃν
1057 2914 1128 2979 ῥά
1164 2911 1276 2966 DE.
1312 2913 1480 2968 ὁῖεςςι
1514 2910 1945 2966 ACDEGMNO.
1986 2941 2046 2950 —
2076 2917 2172 2966 138
2206 2914 2428 2978 χραύςει
2464 2910 2602 2965 ΟΕΟ
2639 2910 2795 2965 Euat.

521 2986 678 3045 1063,
715 2986 804 3044 3ος
847 2986 1001 3045 1314,
1038 2986 1088 3034 9.
1144 2975 1337 3049 Steph.
1373 2979 1507 3048 Byz.
1557 2985 1678 3044 146,
1715 2986 1762 3037 9.
1815 2981 2207 3047 ὑπεράλμενον
2242 2979 2307 3036 A.
2361 2981 2506 3046 ὑπὲρ
2551 2981 2799 3045 ἄλμενον

519 3081 696 3136 Cram.
737 3081 843 3133 An.
878 3079 1006 3140 Par.
1042 3080 1148 3146 111,
1191 3087 1311 3147 152,
1349 3087 1431 3139 27.
1484 3083 1740 3144 δαμάςςει
1778 3079 1865 3134 ΟΕ
1910 3047 2124 3134 mul.
2175 3082 2400 3145 δαμάςει
2436 3079 2592 3134 Vrat.
2632 3083 2696 3136 A.
2732 3111 2801 3119 -

521 3156 617 3202 140
653 3163 796 3202 κατα
831 3146 931 3202 AD
974 3156 1018 3202 1.
1043 3164 1191 3202 man.
1222 3179 1284 3188 —
1314 3155 1405 3202 141
1445 3148 1627 3202 omitt.
1652 3147 1726 3202 M.
1763 3149 2071 3215 ἀγχιςτῖναι
2095 3146 2169 3201 D:
2206 3149 2527 3214 ἀγχηςτῖναι
2553 3146 2799 3202 ACGHL

519 3215 674 3270 Vrat.
711 3232 757 3269 c.
794 3214 977 3268 Schol.
1016 3217 1056 3270 Β
1091 3221 1209 3280 474,
1247 3219 1292 3271 Θ
1334 3223 1444 3273 131.
1482 3215 1669 3285 Apoll.
1704 3214 1834 3269 Lex.
1872 3223 1922 3279 6,
1963 3223 2040 3269 19.
2078 3217 2400 3283 ἀγχηετίναι
2437 3215 2505 3269 N.
2545 3217 2799 3282 ἀγχιςτῆ·

518 3301 607 3337 ναι
643 3283 690 3336 Ο
728 3282 911 3352 Apoll.
947 3283 1017 3338 de
1057 3283 1223 3338 Pron.
1265 3290 1361 3338 108
1399 3283 1456 3341 C.
1503 3285 1844 3352 ἀγχηετῆναι
1881 3283 1925 3337 Ε
1962 3289 2077 3349 530,
2116 3290 2206 3347 46ς
2244 3289 2359 3349 531,
2395 3288 2477 3337 42.
2523 3286 2800 3351 γράφεται

516 3353 576 3403 δὲ
610 3352 699 3404 διὰ
744 3356 848 3405 τοῦ
883 3358 932 3417 ἦ
975 3353 1011 3417 ἡ
1060 3369 1100 3406 π
1140 3355 1576 3421 οπαραλήγουςα
1620 3357 1724 3406 τοῦ
1768 3354 2111 3419 άγχηςτῆναι
2153 3350 2303 3405 Euat.
2340 3358 2457 3416 531,
2495 3357 2577 3405 46.
2629 3352 2801 3470 ἀλλὲ

518 3423 655 3473 λοιςι
691 3417 795 3470 DH
831 3417 987 3472 Vrat.
1024 3436 1070 3473 c.
1165 3436 1275 3474 osc.
1319 3429 1363 3477 1.
1400 3425 1450 3474 2.
1487 3418 1671 3473 Schol.
1708 3420 1757 3473 Φ
1794 3426 1840 3474 6.
1878 3420 2166 3486 άλλήλαιςι
2203 3418 2268 3473 G.
2295 3448 2359 3458 —
2398 3425 2493 3472 142
2531 3420 2562 3473 ὃ
2600 3417 2744 3472 ACD

519 3483 797 3539 HLMNO.
842 3486 1068 3555 βαθείης
1105 3485 1265 3541 CDG.
1314 3489 1567 3543 ὲξάλεται
1602 3486 1660 3540 L.
1714 3516 1780 3529 --
1836 3494 1929 3542 143
1966 3488 2045 3540 ὡς
2092 3489 2157 3540 A.
2202 3489 2436 3556 τρῲεςςι
2471 3486 2529 3539 L.
2583 3517 2647 3526 —-
2705 3493 2801 3540 144

518 3553 842 3621 Ὑπείροναε
882 3555 1141 3623 ὑπήρονα
1177 3554 1237 3609 L.
1272 3557 1535 3623 ὑπήνορα
1569 3551 1702 3609 MN.
1738 3584 1804 3596 —
1834 3561 1927 3609 145
1962 3557 2109 3623 ὑπερ
2143 3556 2209 3608 A.
2245 3584 2309 3594 —-
2352 3560 2446 3608 146
2480 3557 2587 3609 τὸν
2623 3556 2801 3608 ἄλλον

519 3622 674 3679 Vrat.
712 3621 765 3676 b.
806 3623 867 3674 et
899 3638 983 3689 γρ.
1019 3625 1111 3677 ἕτε
1151 3641 1233 3677 ον.
1275 3626 1473 3689 κληῖδα
1508 3621 1738 3680 DGMN.
1765 3653 1828 3662 —
1858 3628 1952 3676 147
1990 3625 2197 3677 νώτων
2233 3622 2290 3675 1..
2329 3639 2397 3676 ex
2435 3637 2573 3680 corr.
2611 3651 2676 3661 ——
2708 3628 2802 3676 148

518 3693 550 3745 ὃ
587 3691 639 3744 δ’
674 3690 737 3743 D.
773 3691 859 3744 ὅδ’
894 3688 1086 3745 CGLN
1142 3732 1153 3743 .
1192 3693 1463 3746 πολύῖδον
1501 3689 1860 3746 ACDHLMN
1897 3697 1945 3745 2.
1971 3708 2117 3744 man.
2157 3689 2201 3744 O
2245 3698 2286 3744 l.
2314 3706 2460 3743 man.
2498 3692 2803 3744 πολύειδον

519 3815 778 3823 -ῃΫΜ--α-

654 3878 724 3935 Α.
760 3895 806 3933 ο.
866 3885 959 3933 132
995 3879 1103 3945 τήν
1137 3878 1191 3945 γ’
1225 3879 1474 3944 οὐτάμεν
1511 3879 1570 3932 et
1604 3881 1714 3945 τὴν
1748 3879 1997 3945 οὐτάμεν
2032 3876 2406 3942 Aristarchus,
2453 3878 2645 3944 διχῶςε
2690 3877 2803 3943 τήν

518 3948 574 4014 γ’
608 3947 839 4002 οὐτάςαι
872 3946 1207 4001 Ζοιιοάοδιιει.
1257 3977 1322 3986 -
1373 3952 1468 4001 136
1514 3950 1856 4011 πτολεμαῑος
1899 3949 1931 4000 ὁ
1977 3953 2082 4001 τοῦ
2127 3947 2405 4014 ὀροάνδου
2449 3947 2514 4000 ἑν
2547 3949 2632 4012 τῷ
2669 3956 2801 4011 περὶ

518 4031 1003 4154 ἷῗξιὶεῖιτιῐὲὲὐτὲιίεῖε
1027 4034 1388 4154 Ηδὲῗοὲξὲῃιξε
1404 4029 2329 4167 Ἐξτῖἷῗίίλεμτεᾞονέεχεέπειρένὲλεμὲιὲῗ
2337 4046 2681 4175 γῧίιέιιῖεἰῖύ.
2702 4033 2805 4136 Ῑῗὲ

524 4174 614 4220 141
655 4169 978 4235 άγχιςτῖναι,
1015 4169 1161 4222 conf.
1201 4169 1239 4222 Ρ
1275 4174 1393 4232 361,
1427 4184 1462 4234 χ
1501 4171 1616 4232 118,
1654 4183 1701 4219 ω
1744 4171 1854 4232 181,
1889 4173 2005 4221 449.
2044 4196 2106 4204 —m
2147 4172 2240 4219 142
2282 4163 2611 4235 Apollomue
2646 4163 2805 4218 ἐξάλ-

523 4238 704 4288 λεταιε
741 4234 835 4288 alii
873 4237 930 4290 ἐξ
966 4237 1216 4290 ἅλλεται.
1259 4265 1325 4276 -
1373 4240 1467 4288 146
1501 4237 1609 4288 τὸν
1644 4237 1694 4287 δ’
1727 4237 1949 4302 ἔτερονε
1996 4239 2102 4288 τοῦ
2147 4236 2198 4287 δ’
2235 4234 2430 4300 ἑτέρου
2467 4231 2806 4286 zenodotus.

521 4331 588 4422 -ῐ
621 4303 1043 4425 Ι1ιι1άέ6ἲέὲῐολιᾶιδον
1078 4303 1410 4375 Apollonius
1444 4301 1714 4373 Archibii,
1751 4302 1896 4356 conf.
1935 4301 2114 4357 Cram.
2153 4303 2256 4356 An.
2283 4299 2406 4358 Par.
2446 4299 2543 4369 IV,
2584 4305 2700 4368 188,
2736 4308 2805 4356 25
