3144 5006
1262 411 1595 467 ιΛιΑΔος
1653 409 1801 465 mv.
2580 410 2665 476 47

557 558 741 644 Ζῆνα
785 565 842 631 δ’
887 565 991 631 ἐπ’
1033 563 1388 646 ἀκροτάτης
1432 567 1723 646 κορυφῆς
1764 564 2205 630 πολυπίδακος
2245 564 2410 643 Ἴδης

549 667 791 746 ἥμενον
835 665 1085 745 εἰςεῑδε,
1132 666 1433 745 ςτυγερὸς
1476 667 1550 731 δέ
1595 665 1657 730 οἱ
1701 666 1937 732 ἔπλετο
1982 672 2179 752 θυμῷ.

549 766 882 849 μερμήριξε
927 769 984 833 δ’
1026 766 1247 833 ἔπειτα
1290 771 1535 849 βοῶπις
1578 767 1812 833 πότνια
1854 769 2048 848 Ἥρη,

386 876 509 935 160
552 870 781 937 ὅππως
825 870 1223 951 ἐξαπάφοιτο
1271 868 1438 933 Διὸς
1480 868 1644 935 νόον
1690 868 2027 948 αἰγιόχοιο.

551 971 666 1051 ἧδε
711 974 783 1037 δέ
828 971 890 1036 οἱ
934 973 1093 1037 κατὰ
1137 972 1340 1049 θυμὸν
1386 970 1606 1049 ἀρίςτη
1651 972 1922 1052 φαίνετο
1969 971 2202 1053 βουλή,

551 1073 762 1140 ἐλθεῖν
806 1071 896 1138 εἰς
938 1074 1109 1153 Ἴδην
1155 1071 1228 1137 εὖ
1272 1071 1624 1138 ἑντύναςαν
1670 1072 1702 1134 ἓ
1744 1071 1977 1155 αὐτήν,

551 1174 608 1241 εἴ
651 1196 791 1241 πως
831 1174 1135 1254 ἱμείραιτο
1180 1175 1652 1254 παραδραθέειν
1696 1173 1988 1255 φιλότητι

548 1279 588 1362 ᾗ
634 1284 854 1362 χροιῇ,
897 1283 988 1359 τῷ
1032 1277 1090 1341 δ’
1133 1275 1344 1342 ὕπνον
1389 1275 1697 1355 ἀπήμονά
1741 1296 1811 1342 τε
1857 1275 2081 1355 λιαρόν
2125 1294 2197 1341 τε

389 1385 508 1443 165
554 1381 709 1464 χεύῃ
757 1380 863 1444 ἐπὶ
908 1376 1324 1460 βλεφάροιςιν
1371 1375 1465 1441 ἰδὲ
1509 1379 1695 1457 φρεςί
1737 1377 2168 1462 πευκαλίμῃςι.

554 1484 630 1560 βῆ
675 1481 732 1544 δ’
777 1480 917 1560 ἴμεν
964 1479 1031 1544 ἐς
1075 1479 1397 1562 θάλαμον,
1440 1477 1558 1544 τόν
1605 1478 1667 1543 οἱ
1711 1478 1902 1561 φίλος
1948 1478 2086 1545 υἱὸς
2130 1478 2415 1560 ἔτευξεν,
2468 1465 2485 1484 “

551 1583 942 1663 Ἥφαιςτος,
987 1582 1256 1646 πυκινὰς
1304 1582 1376 1645 δὲ
1419 1581 1619 1659 θύρας
1664 1584 2024 1661 ςταθμοῖςιν
2070 1580 2303 1658 ἐπῆρςε

551 1686 757 1763 κληῖδι
799 1689 1077 1765 κρυπτῇ,
1122 1685 1239 1762 τὴν
1286 1681 1342 1746 δ’
1387 1681 1467 1745 οὐ
1511 1682 1662 1747 θεὸς
1708 1680 1908 1747 ἄλλος
1952 1682 2228 1767 ἀνῷγεν.

549 1786 680 1852 ἔνθ’
722 1785 762 1863 ἥ
807 1785 867 1861 γ’
912 1783 1275 1850 εἰςελθοῦςα
1318 1783 1514 1862 θύρας
1558 1783 1829 1874 ἐπέθηκε
1873 1784 2167 1863 φαεινάς.

386 1893 508 1952 170
550 1886 853 1970 ἀμβροςίῃ
899 1888 1015 1966 μὲν
1061 1889 1324 1963 πρῶτον
1369 1885 1502 1950 ἀπὸ
1543 1885 1745 1964 χροὸς
1786 1885 2157 1965 ἱμερόεντος

551 1988 795 2069 λύματα
837 1990 1050 2054 πάντα
1092 1987 1396 2070 κάθηρεν,
1441 1986 1757 2066 ἀλείψατο
1802 1988 1873 2051 δὲ
1918 1985 2048 2050 λίπ’
2090 1986 2323 2072 ἐλαίῳ,

551 2090 874 2174 ἀμβροςίῳ
918 2089 1161 2174 ἑδανῷ,
1208 2088 1284 2153 τό
1329 2086 1412 2167 ῥά
1456 2087 1519 2152 οἱ
1562 2089 1969 2167 τεθυωμένον
2012 2085 2158 2167 ἦεν·

517 2343 587 2399 V.
626 2362 678 2400 1..
752 2347 847 2397 157
885 2343 1273 2398 πολυπιδάκου
1307 2339 1377 2395 Η.
1413 2339 1552 2396 Mor.
1589 2341 1739 2396 Vrat.
1779 2343 1829 2401 d.
1853 2342 2002 2397 huno
2038 2344 2098 2396 et
2121 2343 2454 2411 sequentem
2490 2341 2674 2396 omitt.

383 2478 504 2548 Syr.
555 2508 619 2519 —-
671 2483 767 2534 160
812 2479 972 2535 ὅπως
1014 2476 1082 2532 D.
1133 2436 1329 2533 ΟῆΩ(
1365 2476 1487 2547 Syr.
1525 2479 1597 2545 (π
1632 2484 1680 2533 2.
1717 2479 1910 2547 mam).
1946 2509 2011 2520 —
2052 2483 2143 2533 161
2184 2480 2284 2545 ἧδε
2318 2479 2385 2533 A.
2424 2494 2567 2533 κατα
2602 2478 2666 2532 A.

383 2578 446 2589 —-
487 2554 581 2602 162
618 2548 711 2615 εὖ,
757 2547 1068 2601 ἐντύναςαν
1112 2547 1174 2597 Α.
1228 2546 1535 2601 ἐντύναςάν
1580 2549 1607 2601 ἑ
1650 2548 1831 2614 αὐτὴν
1883 2546 2066 2616 Apoll.
2113 2547 2184 2601 de
2229 2545 2397 2600 Pron.
2446 2552 2559 2608 102,
2610 2545 2670 2600 C.

382 2655 593 2772 ἑαυτἿγ
625 2646 1023 2730 ACDFJGHLS.
1059 2627 1344 2705 ἑΑΥΤΗΝ
1385 2648 1506 2718 Syr.
1542 2649 1687 2703 conf.
1731 2652 1770 2705 Ρ
1806 2656 1920 2705 551.
1959 2668 1992 2718 ρ
2016 2655 2132 2705 387.
2169 2654 2202 2704 e
2238 2656 2353 2704 396.
2393 2681 2459 2688 -
2500 2654 2595 2705 163
2621 2650 2672 2703 εἰ

383 2736 508 2775 πως
566 2719 676 2774 ιδτι
699 2734 812 2773 mel
849 2720 909 2771 et
943 2715 1126 2771 Cram.
1151 2716 1252 2785 Ep.
1292 2723 1407 2784 192,
1433 2724 1519 2775 21.
1555 2718 1661 2772 An.
1697 2717 1948 2784 Par.111‚
1986 2724 2103 2779 301,
2140 2723 2223 2773 24.
2260 2720 2295 2787 ᾗ
2333 2734 2458 2772 πως
2484 2716 2673 2786 Apoll.

383 2811 455 2867 So
497 2812 551 2865 h.
586 2817 671 2875 82,
709 2818 756 2866 8,
797 2812 860 2866 ἐν
883 2812 1041 2879 ἄλλῳ
1065 2810 1226 2864 ὅπως
1250 2810 1299 2861 A
1335 2810 1430 2878 0).
1469 2811 1764 2879 ἡμείραιτο
1803 2809 1868 2863 G.
1908 2817 1926 2865 ι’
1968 2813 2015 2865 ε’
2054 2827 2174 2865 οιτο
2200 2809 2268 2863 Η.
2294 2839 2357 2849 -
2389 2816 2484 2864 165
2521 2812 2669 2875 χεύει

383 2880 426 2933 L
488 2895 559 2933 an
596 2881 814 2948 xet‘m').
864 2883 1029 2944 χεῦεν
1065 2877 1118 2932 S.
1156 2878 1247 2932 ἐπι
1284 2876 1401 2935 AD.
1452 2879 1821 2947 πευκαλίμῃςι
1856 2827 2053 2933 Αὸῡιὸ
2091 2877 2214 2947 Syr.
2250 2912 2315 2922 -
2362 2883 2456 2931 166
2494 2880 2563 2947 βῆ
2600 2875 2668 2933 G.

384 2986 542 3040 ΒΗΡ·
576 2962 744 3039 ῙΜΕΝ
783 2982 903 3050 Syr.
941 2981 1019 3036 εἰς
1046 2979 1102 3038 C.
1139 3011 1204 3021 —
1245 2987 1341 3034 167
1377 2982 1583 3048 ἐπῆρςε
1619 2978 1917 3043 ACDGHL
1935 2980 2055 3050 Syr.
2094 3010 2159 3020 -—
2197 2986 2293 3034 168
2328 2982 2513 3048 κληῖδι
2547 2978 2668 3036 AD.

381 3056 490 3119 τὴν
536 3053 588 3105 δ’
633 3049 823 3104 ACDE
875 3055 992 3113 974,
1028 3054 1093 3103 38
1148 3047 1296 3103 GHL
1341 3048 1500 3102 Cant.
1558 3047 1714 3107 Harl.
1766 3047 1981 3102 Townl.
2022 3048 2179 3106 Vrat.
2235 3050 2305 3102 A.
2357 3048 2485 3103 edd.
2529 3050 2668 3102 vett.

383 3118 567 3176 Schol.
603 3121 656 3173 Δ
692 3127 739 3176 3.
788 3116 968 3171 Cram.
995 3114 1187 3185 Epim.
1225 3123 1309 3182 27,
1346 3124 1428 3171 31.
1464 3122 1551 3175 52.
1588 3123 1636 3171 5.
1671 3119 1781 3183 τὴν
1817 3119 1885 3170 ού
1923 3116 1976 3170 S.
2025 3118 2097 3184 ἣν
2133 3119 2202 3170 οὺ
2238 3115 2392 3171 Eunt.
2447 3122 2564 3180 974,
2600 3123 2668 3173 34

383 3190 444 3241 et
476 3193 560 3242 37.
592 3188 700 3240 τὸν
735 3188 787 3240 δ’
828 3187 898 3240 ού
942 3183 1137 3237 Zonar.
1189 3183 1319 3239 Lex.
1365 3190 1482 3243 224.
1520 3183 1606 3238 Et.
1655 3183 1768 3254 Mg.
1811 3190 1923 3250 105,
1967 3191 2041 3239 15.
2094 3182 2277 3239 Crem.
2314 3182 2360 3237 E
2404 3223 2417 3237 .
2462 3190 2580 3250 830,
2623 3194 2666 3244 1,

383 3256 457 3309 τὰ
493 3254 674 3309 πλείω
709 3258 831 3307 τῶν
865 3253 1237 3319 ἀντιγράφων
1270 3254 1374 3307 τὸν
1408 3254 1460 3305 δ’
1492 3254 1562 3307 οὐ
1599 3255 1730 3307 θεὸς
1774 3253 1947 3308 ἄλλος
1990 3253 2301 3320 γράφουςιν
2403 3254 2510 3306 ust.
2547 3258 2666 3320 974,

382 3329 465 3376 39.
513 3324 636 3391 ἀνῷ
677 3338 765 3376 ενι
819 3321 1050 3387 ἀνοίγεν
1096 3318 1152 3373 L.
1210 3323 1436 3386 ἄνωγεν
1482 3319 1664 3374 Cram.
1707 3318 1809 3388 Ep.
1865 3325 1948 3386 27,
1995 3327 2079 3376 31.
2129 3319 2216 3374 Et.
2260 3318 2377 3388 Mg.
2427 3327 2539 3384 105,
2590 3328 2668 3376 15.

382 3392 572 3459 ἄνῳγε
620 3338 802 3448 grum.
847 3387 952 3458 Ep.
999 3393 1083 3454 52,
1119 3393 1169 3445 5.
1214 3390 1403 3457 ἀνῷγε
1441 3395 1559 3457 330,
1610 3397 1653 3446 1.
1703 3418 1759 3428 -
1814 3393 1910 3442 169
1956 3389 2047 3454 ἦγ’
2080 3388 2145 3443 Α.
2194 3389 2393 3455 θύρας;
2439 3406 2524 3456 γρ.
2577 3393 2668 3443 καί

383 3461 571 3514 πύλας
605 3455 788 3512 Sohol.
829 3456 896 3510 V.
946 3488 1013 3497 —
1061 3460 1161 3510 170
1194 3462 1396 3525 πρῶτα
1430 3454 1487 3509 S.
1535 3458 1651 3510 ἀπο
1685 3454 1749 3511 A.
1797 3457 1965 3524 χροὸς
2000 3457 2304 3510 ἀθανάτοιο
2337 3455 2670 3511 Plutarchus

386 3525 612 3591 Quaest.
654 3524 883 3583 Conviv.
921 3524 1015 3591 VI,
1052 3530 1102 3588 9,
1141 3529 1189 3590 7,
1227 3530 1277 3579 2.
1307 3553 1369 3564 -
1410 3530 1504 3578 171
1543 3526 1789 3590 λύματαε
1828 3526 2088 3592 ῥύμματα
2112 3522 2296 3578 Schol.
2322 3523 2487 3580 Arist.
2528 3524 2665 3582 Aeh.

393 3599 453 3647 17
499 3593 723 3647 diserte.
770 3594 1035 3660 κάθηιρεν
1080 3592 1195 3646 ΑΟ.
1249 3594 1504 3659 κάθῃραν
1539 3590 1628 3649 Et.
1667 3590 1810 3646 Gud.
1845 3596 1963 3657 376,
2008 3598 2091 3650 26.
2143 3592 2396 3658 κάθηραν
2429 3590 2519 3646 Et.
2554 3591 2612 3645 M
2655 3639 2668 3652 ,

384 3665 503 3727 568,
540 3668 622 3717 53.
663 3661 834 3715 πάντ’
866 3661 1143 3728 ἐκάθηρεν
1178 3658 1323 3729 Lips.
1361 3660 1638 3727 ἀλείψατο
1670 3661 1733 3714 δὲ
1767 3662 1910 3729 χρόα
1945 3662 2152 3714 λευκόν
2187 3658 2510 3713 Athenaeus
2546 3659 2596 3713 X
2652 3701 2666 3726 ‚

381 3734 501 3784 688.
536 3760 598 3769 -
641 3734 738 3782 172
785 3729 998 3795 ἑδανῷε
1053 3730 1236 3795 ἑδανῷ
1281 3727 1463 3796 Apoll.
1512 3727 1680 3795 Soph.
1721 3735 1806 3793 62,
1852 3734 1933 3782 21.
1991 3729 2128 3782 ἑαν*
2188 3726 2511 3781 Athenaeus
2555 3726 2593 3782 l.
2632 3729 2669 3782 1.

386 3795 573 3852 Schol.
614 3797 663 3850 Ξ
697 3802 817 3851 346.
850 3797 920 3851 τό
958 3798 1029 3863 ῥα
1062 3799 1117 3851 ol
1151 3793 1272 3854 DG.
1308 3797 1592 3863 θυόμενον
1627 3796 1812 3866 Apoll.
1850 3795 2020 3865 Soph.
2054 3795 2090 3847 l.
2145 3836 2159 3850 .
2197 3796 2327 3861 ἦενε
2365 3797 2483 3850 εἶεν
2518 3793 2578 3854 L,

522 4017 585 4069 A.
624 4034 671 4073 o.
747 4020 840 4069 157
891 4017 1221 4085 ἀρίςταρχος
1267 4016 1677 4083 πολυπίδακος,
1725 4018 1886 4072 ἄλλοι
1931 4016 1993 4071 δὲ
2028 4017 2415 4071 πολυπιδάκου
2458 4016 2666 4086 Didy-

384 4099 542 4143 mus,
579 4083 647 4137 Η.
673 4084 738 4138 Τ.
766 4088 884 4138 343.
910 4114 971 4123 -
1003 4089 1099 4137 162
1134 4084 1163 4138 ἓ
1196 4085 1407 4152 αύτὴνε
1446 4087 1532 4139 ὅτι
1557 4084 1880 4153 Ζηνόδοτος
1903 4085 2106 4151 γράφει
2145 4084 2370 4150 ἑωυτήν
2407 4083 2665 4140 Aristo·

385 4151 599 4206 nicus.
645 4182 706 4191 -
766 4154 865 4205 168
906 4156 1114 4220 τριχῶς
1166 4153 1202 4218 ή
1248 4169 1356 4220 γρα
1406 4153 1444 4220 ἡ
1489 4154 1599 4207 ἐςτι
1677 4169 1711 4205 τ
1753 4170 1787 4204 ν
1821 4153 1880 4205 δέ
1923 4154 2034 4218 τὴν
2068 4154 2251 4218 κλεῖν,
2303 4150 2411 4205 τὸν
2455 4153 2515 4206 δέ
2557 4152 2664 4207 τὸν

384 4220 662 4287 θάλαμον,
718 4220 820 4274 τὰς
867 4221 928 4273 δὲ
982 4225 1089 4274 τὰς
1143 4223 1313 4288 θύρας
1359 4170 1551 4274 ‘ganoh
1603 4192 1693 4272 DL
1751 4262 1761 4275 .
1816 4221 2069 4286 ἀν“γεντ
2125 4222 2661 4286 προπεριςπαςτέον.

385 4287 711 4354 πρόςκειται
749 4289 810 4342 δὲ
844 4293 930 4356 τῷ
966 4292 1020 4342 ῖῦ
1053 4289 1125 4342 τὸ
1163 4293 1198 4343 ῖ
1234 4287 1416 4342 Schol.
1453 4289 1521 4345 A.
1551 4319 1614 4328 --
1644 4292 1740 4342 169
1774 4288 1861 4342 &n
1945 4288 2220 4357 ηνόδοτος
2255 4287 2461 4355 γράφει
2494 4290 2668 4358 θύρας

384 4356 630 4410 ἑπιθεῑςα
664 4356 900 4425 φαεινάς
935 4354 1391 4412 Aristonicus.
