3144 5006
1389 450 1721 507 ΙΛΙΑΔΟΕ
1767 449 1836 505 X.
2614 453 2740 518 293

621 604 776 671 ἅςςά
821 625 891 671 τε
936 606 1233 687 μητιόωςι
1277 605 1435 687 μετὰ
1479 604 1708 688 ςφίςιν,
1752 606 1791 685 ἢ
1838 606 2140 686 μεμάαςιν

453 711 578 772 410
623 705 768 772 αὖθι
812 708 1027 788 με’νειν
1071 707 1247 786 παρὰ
1291 706 1509 787 νηυςὶν
1555 706 1964 791 ἀπόπροθεν,
2008 708 2082 789 ἦε
2126 708 2320 774 πόλιν
2365 710 2435 774 δὲ

620 809 715 889 ἂψ
762 808 1307 893 ἀναχωρήςουςιν,
1351 810 1492 875 ἐπεὶ
1535 809 1897 888 δαμάςαντό
1939 811 2000 887 γ’
2043 809 2352 889 Ἀχαιούς.

789 912 906 977 τὸν
951 911 1009 976 δ’
1053 909 1206 977 αὖτε
1250 910 1593 991 προςέειπε
1636 910 1905 996 Δόλων,
1956 910 2274 992 Εὐμήδεος
2322 912 2482 978 υἱός·

618 1013 846 1091 τοιγὰρ
890 1013 1019 1090 ἐγώ
1061 1033 1161 1078 τοι
1205 1016 1402 1079 ταῦτα
1446 1013 1593 1093 μάλ’
1635 1011 1954 1092 ἀτρεκέως
1995 1014 2336 1082 καταλέξω.

617 1115 861 1194 Ἕκτωρ
907 1117 1022 1195 μὲν
1068 1115 1225 1194 μετὰ
1268 1117 1487 1198 τοῑςιν,
1532 1113 1673 1181 ὅςοι
1718 1116 2120 1236 βουληφόροι
2164 1114 2294 1199 εἰςί,

450 1221 573 1280 415
623 1217 861 1300 βουλὰς
905 1213 1196 1299 βουλεύει
1239 1215 1417 1281 θείου
1462 1215 1638 1295 παρὰ
1682 1216 1902 1298 ςήματι
1942 1216 2135 1299 ’,Ιλου

620 1318 852 1399 νόςφιν
896 1318 1029 1384 ἀπὸ
1075 1320 1418 1400 φλοίςβου’
1465 1318 1760 1398 φυλακὰς
1802 1318 1879 1401 δ’,
1924 1318 1999 1384 ἃς
2045 1317 2279 1403 εἴρεαι,
2324 1319 2518 1403 ἥρως,

621 1420 700 1486 οὔ
744 1440 837 1486 τις
881 1421 1209 1500 κεκριμένη
1257 1418 1472 1500 ῥύεται
1519 1420 1790 1499 ςτρατὸν
1836 1421 1992 1486 οὐδὲ
2037 1421 2359 1503 φυλάςςει.

619 1520 795 1588 ὅςςαι
837 1524 962 1602 γὰρ
1008 1522 1254 1603 Τρώων
1298 1522 1507 1601 πυρὸς
1549 1522 1843 1606 ἑςχάραι,
1890 1522 2050 1588 οἷςιν
2095 1521 2387 1606 ἀνάγκη,

622 1624 689 1689 οἳ
732 1624 790 1688 δ’
833 1623 1251 1704 ἐγρηγόρθαςι
1295 1624 1758 1705 φυλαςςέμεναί
1800 1644 1868 1689 τε
1913 1624 2208 1691 κέλονται

449 1731 577 1791 420
619 1724 942 1806 ἀλλήλοις.
1017 1724 1181 1804 ἀτὰρ
1225 1724 1379 1790 αὖτε
1423 1725 1813 1806 πολύκλητοι
1858 1725 2189 1807 ἐπίκουροι

618 1828 900 1892 εὕδουςι·
944 1827 1192 1906 Τρωςὶν
1236 1827 1360 1907 γὰρ
1403 1827 1850 1907 ἑπιτραπέουςι
1895 1827 2268 1910 φυλάςςειν·

620 1929 699 1994 οὐ
744 1929 867 2008 γάρ
912 1948 1063 2010 ςφιν
1108 1932 1335 1994 παῖδες
1380 1930 1611 2008 ςχεδόν
1655 1929 1857 1995 εἵαται
1901 1928 2056 1995 οὐδὲ
2099 1921 2411 2006 γυναῖκες.

788 2032 904 2096 τὸν
959 2031 1016 2096 δ’
1060 2029 1572 2112 ἀπαμειβόμενος
1624 2031 1918 2113 προςέφη
1977 2031 2324 2113 πολύμητις
2369 2033 2733 2100 Ὀδυςςεύς·

619 2136 762 2199 πῶς
803 2133 926 2213 γὰρ
971 2135 1090 2198 νῦν
1136 2132 1412 2213 Τρώεςςι
1454 2132 1819 2214 μεμιγμένοι
1861 2131 2315 2214 ἱπποδάμοιςιν

450 2241 574 2298 425
619 2234 891 2318 εὕδους’,
933 2232 973 2313 ἦ
1020 2233 1373 2311 ἀπάνευθε;
1418 2234 1623 2299 δίειπέ
1666 2254 1803 2318 μοι,
1848 2233 2028 2317 ὄφρα
2074 2235 2286 2301 δαείω.

784 2337 903 2402 τὸν
947 2337 1005 2401 δ’
1048 2336 1319 2418 ἠμείβετ’
1363 2336 1583 2402 ἔπειτα
1624 2337 1891 2420 Δόλων,
1936 2336 2256 2416 Εὐμήδεος
2302 2337 2466 2403 υἱός·

619 2440 845 2520 τοιγὰρ
889 2438 1019 2517 ἐγὼ
1067 2438 1166 2501 καὶ
1208 2441 1407 2503 ταῦτα
1449 2438 1595 2518 μάλ’
1640 2436 1959 2519 ἀτρεκέως
2001 2440 2346 2507 καταλέξω.

617 2542 780 2620 πρὸς
826 2542 940 2621 μὲν
984 2541 1143 2607 ἁλὸς
1190 2541 1391 2620 Κᾶρες
1433 2541 1532 2605 καὶ
1574 2540 1855 2608 Παίονες
1898 2541 2321 2618 ἀγκυλότοξοι

589 2642 718 2717 ,καὶ
758 2642 1027 2719 Λέλεγες
1069 2644 1174 2708 καὶ
1221 2641 1556 2709 Καύκωνες
1600 2643 1726 2708 δῖοί
1767 2663 1836 2710 τε
1878 2642 2223 2721 Πελαςγοί.

448 2749 575 2807 430
618 2745 782 2823 πρὸς
827 2743 1122 2826 Θύμβρης
1165 2745 1223 2809 δ’
1265 2743 1505 2826 ἔλαχον
1548 2745 1768 2811 Λύκιοι
1814 2745 2019 2810 Μυςοί
2060 2745 2115 2810 τ’
2159 2746 2479 2826 ἀγέρωχοι

617 2846 720 2911 καὶ
761 2845 1010 2925 Φρύρες
1051 2845 1406 2926 ἱππόμαχοι
1450 2847 1553 2913 καὶ
1597 2849 1858 2931 Μῄονες
1897 2846 2374 2927 ἱπποκορυςταί.

583 3030 651 3085 V.
686 3049 734 3084 1..
792 3037 893 3085 409
927 3031 1062 3084 ἅςςά
1096 3048 1160 3085 τε
1198 3029 1458 3085 ACDHL.
1495 3032 1630 3086 ἄςςά
1664 3048 1730 3086 τε
1766 3030 1853 3084 Et.
1889 3030 2003 3088 Μ
2042 3035 2154 3095 167,
2194 3036 2275 3085 36.
2309 3031 2445 3086 decu
2481 3048 2544 3085 τε
2581 3029 2736 3089 Eust.

449 3105 566 3166 813,
603 3104 687 3155 36.
764 3115 866 3152 ετα
890 3097 956 3151 D
995 3100 1225 3164 μεμάαςι
1250 3097 1315 3152 D.
1355 3130 1418 3137 —
1454 3105 1556 3153 410
1592 3100 1762 3153 πόλιν
1787 3101 1849 3153 δὲ
1873 3100 1922 3151 A
2027 3128 2093 3137 —
2128 3104 2228 3152 413
2264 3101 2353 3153 τοὶ
2385 3101 2458 3164 γὰ
2518 3098 2734 3153 ACGH.

449 3169 512 3232 ἐγ
516 3168 563 3220 ὼ
601 3169 685 3221 col
719 3115 779 3219 E.
814 3167 927 3231 ἐγώ
965 3183 1046 3220 cot
1083 3165 1237 3220 Harl.
1284 3168 1347 3231 ἐγ
1352 3169 1399 3221 ὼ
1444 3169 1513 3237 δὴ
1552 3166 1618 3220 G.
1655 3168 1972 3222 καταλέξωε
2011 3167 2297 3235 ἀγορεύςω
2336 3117 2421 3220 ΒΥ
2467 3166 2734 3220 ownl.—-

446 3241 547 3289 414
584 3235 684 3289 εἰεί
718 3232 837 3287 DG.
877 3264 941 3273 —
977 3240 1077 3287 415
1115 3253 1140 3289 c
1185 3251 1339 3297 uun:
1379 3237 1624 3302 ςήματος
1662 3233 1843 3289 Schol
1868 3236 1909 3287 Λ
1939 3238 2051 3288 166.
2088 3269 2153 3277 -
2188 3240 2287 3289 416
2323 3236 2438 3289 ἀπο
2474 3236 2539 3288 A.
2576 3238 2734 3304 ᾖρεαι

450 3301 512 3356 G.
551 3331 616 3342 -
652 3307 753 3356 418
789 3303 942 3356 ὄςςαι
977 3304 1078 3369 μὲν
1114 3252 1339 3356 CQHL
1339 3300 1583 3423 Barcae&
1607 3300 1745 3357 Mor.
1783 3301 1939 3423 (gant.
1978 3300 2131 3357 Harl.
2166 3301 2314 3372 Lipe.
2354 3302 2508 3357 Vrat.
2550 3306 2610 3357 A.
2648 3306 2734 3360 ὅς-

1509 3387 1546 3435 γ
1824 3389 1856 3422 ν

449 3456 535 3494 ςαι
567 3440 676 3506 γὰρ
713 3434 808 3490 DE
844 3436 944 3491 bis.
981 3436 1172 3492 Zonar.
1203 3436 1333 3491 Lex.
1358 3442 1475 3492 880.
1513 3389 1618 3503 nee
1651 3439 1717 3492 A.
1751 3389 1857 3504 ’,γιὰρ
1894 3437 1946 3491 S.
1983 3454 2015 3491 τ
2018 3437 2276 3507 ρῴωνΙι.
2315 3469 2375 3478 -
2414 3444 2513 3493 419
2550 3439 2657 3494 οίδ’
2676 3440 2732 3495 C.

448 3508 573 3570 οἵγ
577 3506 674 3559 ‘G
712 3505 935 3559 Barocc.
972 3506 1028 3560 οἵ
1063 3507 1115 3558 τ’
1149 3505 1191 3558 L
1231 3504 1383 3559 Vrat
1422 3505 1476 3560 b.
1514 3536 1576 3544 ——
1613 3512 1713 3559 420
1750 3455 2100 3573 πολύκλητοί
2133 3508 2188 3559 τ
2216 3507 2504 3574 ἐπίκουροι
2540 3507 2733 3561 AGHS

450 3573 610 3627 Cant..
650 3573 786 3627 Mor.
832 3572 987 3626 Harl.
1033 3602 1097 3613 -
1145 3578 1241 3626 421
1282 3575 1533 3627 εὕδουςιν
1568 3573 1741 3627 ADH.
1784 3591 1852 3640 τρ
1857 3576 1958 3627 ωςὶ
2002 3572 2167 3630 DEG.
2215 3591 2283 3642 τρ
2286 3578 2386 3641 ῳςὶ
2421 3574 2481 3627 L.
2526 3606 2587 3614 ——
2633 3581 2733 3629 422

449 3659 545 3709 ςφι
581 3640 697 3699 DG
745 3642 922 3696 είαται
967 3641 1033 3695 D.
1073 3672 1134 3679 —-
1181 3647 1281 3694 423
1329 3642 1570 3709 προςέβη
1608 3640 1668 3698 L.
1719 3642 2030 3709 πολύμητις
2077 3641 2144 3697 A.
2181 3672 2243 3681 -
2250 3591 2382 3695 ρ4ψ24
2424 3642 2531 3709 γὰρ
2575 3644 2643 3708 δὴ
2682 3640 2733 3695 Η

449 3759 602 3816 Harl.
638 3761 746 3826 γὰρ
781 3763 849 3828 δὴ
843 3728 952 3813 ν.Α
991 3761 1045 3813 τ’
1080 3760 1149 3826 ἂρ
1186 3764 1289 3814 νῦν
1323 3758 1469 3836 Lips.
1503 3759 1674 3813 Mose.
1710 3767 1757 3815 3.
1792 3761 2025 3827 τρῲεςςι
2061 3758 2120 3812 L
2171 3760 2424 3825 ίπποδάμ
2425 3776 2527 3814 οιςι
2562 3758 2629 3813 D.
2666 3795 2733 3804 —

449 3834 549 3883 425
586 3829 838 3883 εὕδουςιν
874 3827 938 3882 G.
974 3829 1011 3893 ἦ
1058 3777 1149 3879 A:
1173 3826 1348 3880 ceteri
1392 3830 1447 3894 ἢ.
1493 3857 1558 3866 -
1602 3833 1703 3881 427
1740 3830 1829 3882 τοὶ
1872 3829 1981 3896 γὰρ
2023 3825 2179 3880 DGH
2214 3826 2440 3880 Barocc.
2475 3822 2600 3892 ἐγώ
2645 3845 2733 3882 τοι

449 3894 594 3948 AHS
629 3895 852 3949 Baroco.
899 3897 961 3960 ἐγ
964 3896 1011 3948 ὼ
1048 3895 1116 3960 δὴ
1155 3893 1220 3949 G.
1265 3895 1554 3962 ἀτρακέως
1592 3893 1658 3949 G.
1698 3896 1838 3962 ἀγορ
1841 3897 1984 3950 εύςω
2020 3893 2087 3948 D
2136 3926 2196 3933 —
2232 3900 2335 3948 428
2368 3896 2437 3962 ἀρ
2510 3898 2732 3963 ρότοξοι

452 3962 632 4017 ctam.
677 3964 781 4017 An.
818 3964 919 4017 Ox.
926 3912 1026 4027 ΥΙΙ,
1063 3967 1194 4025 458,
1210 3969 1286 4016 12.
1325 3993 1386 4001 -
1423 3968 1523 4017 430
1559 3963 1748 4029 μυςςοί
1772 3912 1839 4019 Dp.
1883 3994 1937 4002 —
1980 3969 2075 4016 431
2118 3911 2520 4029 [nwfiuaxotffz
2558 3964 2733 4018 ceteri

448 4032 772 4097 ἱππόδαμοι.
810 4032 1040 4099 μηῖόνες
1073 4002 1195 4084 DH’.

586 4184 651 4235 A.
689 4202 742 4237 c.
805 4190 980 4238 409—-
991 4189 1087 4236 411
1128 4185 1462 4239 ἀθετοῦνται
1507 4182 1958 4238 Aristonicue.
2019 4181 2295 4240 asterisci.
2332 4185 2519 4253 ὀρθως
2565 4189 2732 4239 208—-

449 4258 566 4306 210.
606 4281 665 4290 -
702 4257 802 4305 413
838 4253 1023 4306 οὕτως
1047 4252 1374 4320 ἀρίςταρος
1386 4252 1599 4316 ,ἄλλοι
1622 4253 1683 4305 δὲ
1707 4251 1997 4320 ἀγορεύςω
2022 4250 2151 4304 Did
2210 4268 2366 4305 mus.
2400 4282 2472 4291 -
2502 4258 2603 4306 424
2626 4258 2733 4307 νῦν

449 4318 765 4374 Nicanor.
813 4349 874 4359 -
918 4319 1277 4386 425v'1Her0
1320 4319 1494 4373 ianus.
1544 4350 1609 4358 —-
1653 4324 1752 4373 427
1798 4321 1888 4373 καὶ
1933 4324 2115 4376 ταῦτα
2190 4318 2334 4375 chol.
2367 4318 2476 4375 BL.
2524 4350 2584 4359 -
2630 4326 2727 4377 431

450 4387 778 4455 ἀρίςταρχος
815 4388 1126 4455 ἱππόμαχοι
1162 4386 1237 4441 D
1222 4406 1241 4440 1
1253 4387 1288 4439 d
1300 4405 1335 4457 y
1346 4404 1404 4440 m
1416 4404 1452 4440 u
1464 4404 1504 4441 s,
