3144 5006
567 335 695 399 320
1049 405 1062 420 ‚
1492 338 1826 393 ιΛιΑΔος
1884 341 1949 393 ψ.

915 489 1006 554 ὣς
1049 490 1201 570 φάτ’
1246 491 1615 570 ἀπειλήςας·
1659 494 1777 559 τὸν
1821 493 1881 558 δ’
1925 492 2004 559 ού
2050 494 2237 560 κύνες
2279 494 2822 581 ἀμφεπένοντο,

574 594 691 653 185
738 589 905 656 ἀλλὰ
949 592 1145 658 κύνας
1190 595 1305 673 μὲν
1351 592 1586 658 ἄλαλκε
1631 595 1795 660 Διὸς
1838 595 2118 675 θυγάτηρ
2164 597 2515 678 Ἀφροδίτη

738 691 945 770 ἤματα
989 693 1088 758 καὶ
1134 695 1396 772 νύκτας,
1442 694 1736 774 ῥοδόεντι
1780 697 1853 762 δὲ
1897 700 2077 775 χρῖεν
2120 697 2318 782 ἐλαίῳ

735 793 1089 879 ἀμβροςίῳ,
1134 793 1243 860 ἵνα
1287 797 1369 876 μή
1415 817 1520 877 μιν
1564 796 1940 878 ἀποδρύφοι
1986 798 2402 866 ἑλκυςτὰζων.

733 902 825 980 τῷ
871 897 928 960 δ’
973 896 1075 962 ἐπὶ
1119 897 1397 962 κυάνεον
1440 900 1645 980 νέφος
1689 899 1889 978 ἤγαγε
1932 900 2174 981 Φοῖβος
2217 902 2563 968 Ἀπόλλων

736 997 1098 1077 οὐρανόθεν
1142 999 1368 1064 πεδίον
1413 999 1516 1084 δέ,
1562 1002 1812 1081 κάλυψε
1859 1004 1929 1068 δὲ
1975 1007 2193 1082 χῶρον
2239 1002 2529 1078 ἅπαντα,

571 1104 691 1162 190
735 1099 927 1164 ὅςςον
971 1100 1185 1181 ἐπεῖχε
1231 1101 1445 1179 νέκυς,
1493 1105 1575 1182 μὴ
1619 1105 1773 1184 πρὶν
1818 1105 2009 1184 μένος
2052 1104 2296 1184 ἠελίοιο

737 1200 965 1279 ςκήλει’
1008 1201 1170 1282 ἀμφὶ
1212 1205 1360 1283 περὶ
1403 1205 1567 1284 χρόα
1609 1203 1803 1271 ἴνεςιν
1847 1205 1960 1285 ἠδὲ
2006 1206 2305 1286 μέλεςςιν.

913 1302 1069 1367 οὐδὲ
1112 1306 1281 1384 πυρὴ
1325 1306 1711 1385 Πατρόκλου
1757 1307 2003 1372 ἐκαίετο
2048 1313 2426 1386 τεθνηῶτος.

733 1402 868 1467 ἔνθ’
912 1402 1050 1468 αὖτ’
1093 1403 1232 1470 ἀλλ’
1266 1407 1496 1501 ,ἐνόηςε
1541 1410 1869 1488 ποδάρκης
1914 1413 2054 1474 δῖος
2100 1410 2450 1490 Ἀχιλλεύς·

738 1507 885 1570 (τὰς
931 1503 1252 1573 ἀπάνευθε
1297 1513 1504 1590 πυρῆς
1546 1514 1751 1576 δοιοῖς
1794 1511 1972 1589 ἠρᾶτ’
2016 1511 2328 1591 ἀνέμοιςι,

570 1611 687 1673 195
736 1607 929 1689 βορέῃ
974 1606 1076 1671 καὶ
1119 1609 1382 1694 ζεφύρῳ
1398 1660 1416 1695 ,
1461 1613 1563 1677 καὶ
1608 1612 1905 1692 ὑπίςχετο
1948 1611 2091 1692 ἱερὰ
2134 1613 2324 1677 καλά·

733 1707 946 1773 πολλὰ
991 1710 1063 1773 δὲ
1105 1712 1208 1775 καὶ
1252 1713 1548 1778 ςπένδων
1594 1713 1838 1796 χρυςέῳ
1884 1715 2073 1779 δέπαϊ
2117 1715 2444 1780 λιτάνευεν

733 1807 971 1892 ἐλθεῖν,
1019 1809 1198 1892 ὄφρα
1241 1814 1497 1894 τάχιςτα
1540 1816 1694 1894 πυρὶ
1738 1815 2162 1893 φλεγεθοίατο
2209 1817 2453 1895 νεκροί,

731 1909 851 1990 ὕλη
896 1932 963 1977 τε
1010 1914 1261 1980 ςεύαιτο
1305 1918 1626 1996 καήμεναι.
1714 1916 1885 1982 ὠκέα
1928 1917 1986 1983 δ’
2027 1916 2173 1996 Ἶρις

731 2012 956 2091 ἀράων
1001 2019 1229 2085 ἀίουςα
1269 2019 1660 2099 μετάγγελος
1703 2017 1844 2097 ἦλθ’
1888 2019 2229 2098 ἀνέμοιςιν.

696 2172 764 2231 v.
802 2192 851 2228 1..
924 2178 1023 2228 184
1058 2172 1239 2226 ΑΜΦ*
1272 2148 1661 2226 εΠέΝοΝτο
1701 2170 1822 2240 Syr.
1859 2173 2216 2239 ἀμφιέποντο
2261 2171 2492 2226 Tzetzes
2539 2173 2740 2243 Aneg.
2781 2179 2862 2226 29.

561 2272 626 2282 -
667 2246 763 2296 186
811 2243 871 2294 δὲ
916 2247 1069 2310 χρῖεν
1117 2236 1310 2326 ADEL
1355 2238 1540 2307 Apoll.
1588 2238 1757 2308 Soph.
1809 2247 1922 2306 139,
1971 2248 2050 2294 11.
2101 2238 2284 2293 Schol.
2338 2242 2387 2295 Ξ
2426 2246 2541 2295 172.
2595 2244 2665 2297 δὲ
2700 2243 2862 2363 {picit

562 2307 709 2366 CGS.
736 2309 796 2362 δὲ
821 2315 1038 2375 χρεῖςεν
1061 2307 1130 2364 H.
1156 2309 1187 2360 δ
1229 2308 1413 2374 ἔχριεν
1436 2305 1762 2361 Athenaeus
1786 2306 1907 2374 XV,
1935 2313 2050 2362 688.
2074 2337 2136 2346 -
2166 2313 2260 2362 187
2299 2308 2662 2365 ἑλκυςτάζων
2754 2351 2765 2362 .
2797 2339 2858 2348 -

566 2416 660 2465 188
700 2411 792 2464 ἐπι
830 2407 947 2465 DG.
985 2439 1049 2449 —
1090 2413 1184 2462 189
1221 2407 1416 2462 πεδίον
1452 2409 1512 2462 δὲ
1536 2408 1600 2462 A.
1642 2410 1895 2475 κάλυψεν
1931 2411 1983 2463 δ’
2015 2411 2126 2476 ἄρα
2160 2415 2347 2475 χῶρον
2372 2377 2538 2462 Di
2580 2413 2688 2466 190
2725 2412 2858 2466 &ov

560 2479 622 2532 E.
661 2508 729 2518 --
769 2484 858 2532 191
900 2479 1111 2546 ςκήλει’
1143 2477 1207 2534 A.
1256 2478 1445 2544 (κήλει
1490 2475 1539 2530 D
1579 2475 1699 2545 Syr.
1739 2476 1948 2532 Townl.
1990 2495 2053 2532 ςκ
2096 2481 2186 2545 λη’
2219 2477 2288 2531 H.
2338 2480 2514 2549 ςκήλῃ
2549 2477 2596 2531 E
2634 2478 2856 2533 Plutar-

560 2547 697 2600 chus
731 2545 951 2613 Quaest.
1000 2562 1159 2604 conv.
1204 2544 1303 2610 111,
1354 2551 1432 2611 10,
1480 2551 1527 2610 2,
1566 2553 1616 2599 3.
1653 2547 1827 2614 ςκήλη
1865 2545 2042 2601 CGLS
2125 2548 2165 2599 t.
2200 2545 2259 2599 M
2305 2592 2316 2603 .
2353 2552 2470 2612 716,
2508 2554 2594 2601 39.
2632 2549 2853 2612 ςκλήλῃ

561 2613 708 2684 Lips.
745 2616 886 2681 ἀμφι
923 2613 1040 2669 DG.
1080 2630 1206 2681 περι
1245 2611 1410 2666 ADG.
1451 2614 1673 2680 μέλεςιν
1697 2613 1763 2670 D.
1803 2644 1865 2653 -
1909 2621 2004 2668 192
2041 2632 2118 2668 πυ
2159 2616 2174 2666 l
2211 2614 2254 2668 G
2309 2656 2321 2668 .
2357 2618 2508 2681 πυρὴ
2546 2613 2619 2671 D.
2663 2635 2701 2683 η
2727 2617 2856 2683 post

560 2699 665 2735 ras.
722 2683 944 2737 ἐκαίετο
980 2680 1135 2736 ΑΒΗ
1183 2680 1303 2750 Syr.
1351 2680 1577 2738 Bai-occ.
1623 2679 1764 2740 Mor.
1819 2683 2008 2737 καίετο
2056 2682 2095 2735 C
2147 2679 2279 2735 GLS
2325 2681 2537 2735 Townl.
2582 2680 2749 2736 Vrat.
2789 2684 2851 2733 A.

559 2822 888 2886 τεθνηῶτος
942 2816 1025 2872 LS
1067 2817 1216 2887 Lips.
1264 2816 1421 2871 Cant.
1478 2822 1817 2872 τεθνειῶτα(
1865 2822 1928 2875 A.
1982 2823 2318 2872 τεθνειῶτος
2366 2815 2570 2872 CDGH
2614 2816 2651 2871 S
2727 2864 2739 2874 .
2788 2846 2851 2854 —

565 2892 658 2941 193
696 2887 921 2951 ἀχῖλεύς
960 2885 1019 2940 C.
1057 2916 1124 2925 —
1164 2891 1262 2939 194
1296 2891 1427 2939 (τᾶς
1461 2884 1528 2938 D.
1564 2886 1811 2951 ἁνέμοιςι
1850 2884 2109 2941 ACDEG.
2144 2916 2210 2925 —
2262 2892 2357 2940 196
2391 2888 2560 2954 βορέῃ
2598 2888 2646 2937 A
2703 2882 2846 2939 DEG

564 2952 656 3006 m.
692 2954 813 3020 Syr.
852 2955 997 3007 conf.
1047 2954 1117 3008 ad
1167 2955 1178 3007 Ι
1219 2961 1267 3007 5.
1312 2953 1576 3019 inflexere
1621 2952 1759 3006 ACL
1803 2952 1951 3021 Lips.
2002 2955 2276 3018 ὑπέςχετο
2313 2957 2347 3021 ἢ
2385 2955 2650 3019 ὑπίςχετο
2691 2953 2848 3007 Euat.

564 3021 739 3076 ceteri
774 3022 1068 3090 ὑπέςχετο.
1107 3051 1174 3061 -
1213 3026 1309 3075 196
1345 3023 1540 3087 δέπαῑ,
1579 3022 1891 3075 λατάνευεν
1929 3021 1987 3080 C.
2024 3022 2348 3076 ἐλιτάνευεν
2385 3021 2449 3074 D.
2486 3022 2850 3075 ἐλλιτάνευεν

559 3089 640 3155 H,
675 3090 775 3143 sed
809 3090 867 3142 in
905 3097 1144 3158 utroque
1194 3090 1358 3143 δέπαϊ
1370 3128 1388 3155 ,
1434 3088 1576 3146 cons.
1626 3106 1659 3142 κ
1696 3095 1822 3153 316,
1875 3088 1972 3142 ubi
2009 3087 2642 3154 ACDEHIKLMNQRV
2679 3091 2848 3144 δέπαϊ

560 3160 713 3225 ὄφρα
749 3159 924 3220 πίοιμι
962 3157 1243 3214 exhibent.
1283 3187 1347 3197 —
1389 3163 1481 3210 197
1519 3157 1756 3221 ἐλθέμεν
1794 3154 2046 3210 ADGHL
2071 3156 2192 3225 Syr.
2233 3158 2418 3211 ἐλθεῖν
2455 3155 2543 3211 CE
2578 3156 2665 3210 bis
2691 3153 2848 3210 Harl.

559 3224 774 3279 Townl.
811 3223 983 3282 Mose.
1023 3233 1068 3279 2.
1110 3225 1265 3278 Vrai..
1304 3226 1370 3279 A.
1406 3223 1551 3277 Flor.
1601 3240 1689 3290 γρ.
1729 3226 1913 3278 ἐλθεῖν
1949 3227 2017 3279 A.
2065 3228 2255 3292 νεκροὶ
2293 3223 2442 3277 ΑΒΗ
2456 3244 2468 3276 :
2514 3226 2722 3292 νεκρὸν
2757 3221 2843 3277 ΟΕ

559 3291 653 3345 GL
689 3292 809 3360 Syr.
856 3290 1108 3361 Heynius
1153 3295 1341 3359 νεκροὶ
1388 3307 1455 3346 ex
1503 3292 1622 3346 solo
1669 3290 1887 3346 Veneto
1935 3294 1980 3345 A
2017 3292 2229 3346 laudat.
2280 3323 2341 3332 —
2394 3298 2486 3347 198
2520 3309 2586 3346 τε
2622 3294 2843 3347 ςεύαιτο

490 3445 493 3448 .
556 3394 600 3448 E
635 3392 782 3453 Flor.
817 3396 873 3447 τ’
909 3395 1192 3450 ἐςςεύαιτο
1231 3393 1369 3449 AGS
1397 3395 1613 3454 Townl.
1650 3397 2041 3452 ΤΕΕΕΥΑΙΤΟ
2068 3395 2189 3464 Syr.
2227 3398 2280 3448 τ’
2315 3397 2581 3452 ἑςςεύατο
2619 3395 2660 3450 C
2690 3395 2842 3451 νηί..

558 3530 612 3584 d.
670 3532 725 3585 τ’
768 3531 1002 3584 ἐςεύατο
1050 3530 1117 3583 Η.
1169 3532 1223 3584 τ’
1266 3531 1521 3586 ἐςςεύετο
1565 3530 1615 3584 D
1660 3537 1706 3584 2.
1754 3548 1904 3587 man.
1958 3531 2022 3585 L:
2069 3534 2124 3587 τ’
2168 3493 2430 3597 ἐςςεύῗτο
2475 3530 2643 3586 Mose.
2688 3538 2740 3586 2.
2791 3529 2842 3583 τ’

557 3600 835 3655 ἐςςεύοιτο
870 3597 1029 3652 Rom.
1066 3600 1120 3651 ·r'
1154 3600 1450 3653 ἐςςεύοντο
1485 3596 1534 3650 D
1578 3606 1621 3652 1.
1660 3616 1810 3653 man.
1857 3602 1920 3654 ἐν
1965 3601 2124 3671 ἄλλῳ
2170 3603 2277 3667 ὕλη
2312 3603 2378 3655 τέ
2414 3602 2637 3657 ςεύαιτο
2674 3602 2742 3655 A.
2777 3627 2838 3637 -

561 3674 656 3722 199
694 3670 816 3731 μετ’
849 3667 1085 3732 ἅγγελος
1122 3667 1187 3721 A.
1227 3666 1350 3732 μετ’
1385 3668 1622 3731 ἄγγελος
1660 3665 1846 3721 CDHS
1883 3667 2040 3727 Cant.
2075 3668 2215 3725 Mor.
2253 3669 2409 3722 Harl.
2447 3667 2658 3721 'Pownl.
2684 3667 2837 3723 Vrat.

558 3734 611 3788 b.
649 3734 701 3788 d.
741 3733 974 3789 Tzetzes
1009 3734 1190 3804 Alleg.
1228 3739 1307 3791 64.
1358 3736 1486 3789 τινὰ
1521 3735 1584 3787 δὲ
1624 3740 1746 3792 τῶν
1790 3736 2158 3804 ἀντιγράφων
2195 3738 2258 3791 ἐν
2292 3739 2409 3791 buci
2447 3736 2629 3802 μὲρεςι
2664 3738 2836 3802 λόγου

557 3805 666 3870 ἔχει
701 3806 772 3857 τὸ
809 3806 933 3869 μετ’
968 3805 1206 3869 ἄγγελος
1243 3802 1398 3857 Eunt.
1444 3807 1590 3868 1296,
1628 3807 1676 3859 8.
1713 3802 1857 3861 conf.
1896 3810 2045 3871 1009,
2081 3812 2165 3860 49.
2200 3807 2374 3872 ἦλθεν
2410 3803 2455 3858 L

690 3956 756 4009 A.
797 3976 847 4010 c.
926 3962 1021 4012 196
1044 3958 1337 4035 ύπίςχετο,
1375 3955 1520 4014 conf.
1556 3955 1629 4009 ad
1655 3958 1704 4011 Υ
1729 3961 1809 4011 84.
1847 3956 1946 4011 ubi
1971 3957 2325 4011 Aristarchus
2348 3957 2576 4026 ὑπίςχεο
2600 3956 2833 4025 scripsit.

556 4054 619 4063 —
663 4031 756 4079 197
793 4026 977 4079 ἐλθεῖν
1013 4025 1211 4094 scripsi
1245 4027 1309 4079 ut
1342 4031 1468 4085 209,
1506 4024 1604 4078 ubi
1641 4024 1770 4077 libri
1803 4025 1865 4079 in
1899 4041 1969 4079 eo
2004 4025 2378 4080 consentiunt.
2425 4057 2488 4066 ——
2540 4030 2636 4080 198
2685 4028 2832 4079 οὕτω

555 4094 616 4146 δὲ
652 4096 735 4160 (τε
773 4095 1056 4158 ςεύαιτοῖ)
1095 4096 1185 4147 καὶ
1220 4095 1329 4148 ἔξω
1365 4098 1468 4147 τοῦ
1504 4099 1540 4146 v
1576 4094 1681 4160 ὕλη
1719 4091 2065 4161 Didymus.
2104 4097 2271 4161 χωρὶς
2308 4096 2368 4148 δὲ
2401 4100 2504 4149 τοῦ
2540 4099 2576 4147 V
2609 4094 2679 4146 τὸ
2716 4095 2833 4157 ὕλη.

556 4161 609 4214 οἱ
645 4162 706 4214 δὲ
740 4162 887 4228 ὕλην
930 4162 984 4214 τ’
1027 4161 1324 4216 ἐςςεύοντο
1372 4164 1443 4229 (2)
1498 4163 1623 4216 ἀντὶ
1669 4165 1773 4214 τοῦ
1822 4163 2124 4229 όρμήςειαν
2170 4163 2225 4216 οἱ
2278 4163 2471 4229 ἄνεμοι
2516 4164 2692 4217 καίειν
2733 4163 2834 4225 τὴν

556 4230 700 4296 ὕλην
738 4228 922 4286 Schol.
961 4227 1077 4287 AV.
1115 4227 1186 4282 de
1221 4229 1497 4298 scriptura
1538 4246 1602 4283 τε
1648 4231 1870 4283 ςεύαιτο
1917 4230 2062 4287 conf.
2112 4231 2150 4284 Ρ
2188 4236 2303 4287 463.
2352 4230 2493 4285 baec
2539 4225 2832 4283 Aristarchi

556 4294 690 4359 fuit,
727 4298 862 4364 quia
896 4296 1017 4350 sola
1052 4313 1176 4349 cnm
1216 4299 1323 4365 ὕλη
1360 4296 1642 4350 convenit.
