3144 5006
516 419 600 481 64
1448 418 1778 474 ιΛιΑΔος
1840 420 1903 476 Ξ.
1974 383 1979 390 ’

687 570 946 651 ὡρμήθη
991 573 1048 637 δ’
1093 572 1512 653 Ἀκάμαντος·
1560 573 1599 636 ὃ
1646 572 1703 636 δ’
1748 571 1866 652 οὐχ
1911 572 2251 653 ὑπέμεινεν
2298 572 2509 653 ἐρωὴν

679 674 1031 753 Πηνελέωο
1075 674 1377 740 ἄνακτος·
1426 674 1463 737 ὃ
1509 675 1565 739 δ’
1611 674 1879 740 οὔταςεν
1925 676 2223 754 Ἰλιονῆα,

513 780 639 839 490
685 775 827 841 υἱὸν
874 775 1252 857 Φόρβαντος
1293 776 1706 861 πολυμήλου,
1748 776 1866 842 τόν
1912 777 1993 857 ῥα
2037 778 2300 857 μάλιςτα

431 869 436 878 ”
683 877 964 958 Ἑρμεία(
1008 878 1252 958 Τρώων
1299 877 1504 958 ἐφίλει
1550 878 1652 942 καὶ
1695 883 1905 958 κτῆςιν
1951 877 2218 945 ὄπαςςε·

681 986 772 1064 τῷ
818 980 875 1043 δ’
918 978 1019 1058 ἄρ’
1063 978 1192 1044 ὑπὸ
1238 980 1439 1059 μήτηρ
1485 984 1735 1060 μοῦνον
1780 980 1961 1046 τέκεν
2007 983 2306 1061 Ἰλιονῆα·

679 1082 796 1148 τὸν
839 1081 972 1146 τόθ’
1016 1080 1122 1145 ὑπ’
1167 1080 1419 1161 ὀφρύος
1465 1080 1628 1147 οὖτα
1672 1084 1806 1147 κατ’
1850 1083 2219 1163 ὀφθαλμοῖο
2265 1084 2567 1168 θέμεθλα,

684 1183 755 1249 ἐκ
799 1184 855 1247 δ’
899 1182 1022 1248 ὦςε
1065 1184 1308 1262 γλήνην
1329 1204 1346 1216 ·
1394 1183 1553 1263 δόρυ
1599 1185 1656 1248 δ’
1700 1185 2070 1265 ὀφθαλμοῖο
2117 1187 2221 1250 διὰ
2264 1186 2394 1265 πρὸ

512 1292 636 1349 495
684 1286 784 1350 καὶ
829 1286 934 1350 διὰ
980 1282 1143 1350 ἰνίου
1187 1284 1414 1368 ἦλθεν,
1460 1287 1499 1350 ὃ
1544 1288 1602 1349 δ’
1645 1286 1824 1354 ἕζετο
1872 1290 2045 1367 χεῖρε
2090 1288 2397 1353 πετάςςας

682 1386 898 1466 ἄμφω.
985 1387 1335 1465 Πηνέλεως
1381 1389 1452 1452 δὲ
1497 1385 1799 1467 ἑρυςςάμε
1815 1408 1920 1454 νος
1962 1388 2148 1468 ξίφος
2193 1389 2308 1455 ὀξὺ

681 1489 925 1567 αὐχένα
967 1488 1196 1568 μέςςον
1243 1489 1534 1571 ἔλαςςεν,
1582 1489 1908 1568 ἀπήραξεν
1953 1492 2024 1554 δὲ
2068 1494 2305 1570 χαμᾶζε

680 1592 839 1674 αὐτῇ
884 1591 998 1656 ςὺν
1042 1573 1273 1670 πήληκι
1316 1590 1504 1671 κάρη·
1548 1591 1641 1655 ἔτι
1688 1592 1743 1656 δ’
1788 1590 2058 1673 ὄβριμον
2103 1593 2295 1671 ἔγχος

680 1692 792 1773 ἦεν
840 1693 910 1756 ἐν
955 1690 1304 1777 ὀφθαλμῷ·
1349 1693 1387 1756 ὃ
1433 1695 1505 1757 δὲ
1549 1694 1644 1774 φὴ
1690 1694 1962 1760 κώδειαν
2008 1692 2305 1774 ἀναςχὼν

516 1801 641 1858 500
683 1795 982 1875 πέφραδέ
1024 1815 1093 1859 τε
1137 1796 1557 1874 Τρώεςςνκαὶ
1602 1795 1952 1875 εὐχόμενος
1997 1797 2155 1861 ἔπος
2198 1798 2390 1875 ηὔδα·

860 1897 1185 1977 εἰπέμεναί
1227 1919 1333 1976 μοι
1375 1898 1593 1977 Τρῶες
1638 1898 1888 1975 ἀγαυοῦ
1934 1898 2236 1977 Ἰλιονῆος

678 2001 869 2077 πατρὶ
912 1999 1083 2083 φίλῳ
1119 1999 1222 2063 καὶ
1265 2001 1446 2077 μητρὶ
1488 2002 1799 2079 γοήμεναι
1844 1999 1916 2065 ἐν
1959 2001 2350 2079 μεγάροιςιν·

682 2101 836 2166 οὐδὲ
880 2103 1003 2180 γὰρ
1049 2101 1087 2178 ἡ
1130 2101 1510 2180 Προμάχοιο
1554 2101 1762 2180 δάμαρ
1810 2102 2298 2182 Ἀλεγηνορίδαο

681 2202 869 2282 ἀνδρὶ
911 2203 1084 2288 φίλω
1131 2202 1382 2268 ἐλθόντι
1423 2204 1827 2280 γανύςςεται,
1877 2203 2125 2269 ὁππότε
2172 2225 2280 2271 κεν
2326 2208 2404 2285 δὴ

511 2310 634 2370 505
681 2305 751 2370 ἐκ
794 2304 1024 2385 Τροίης
1066 2305 1178 2369 ςὺν
1222 2306 1404 2383 νηυςὶ
1447 2307 1741 2386 νεώμεθα
1784 2311 2006 2385 κοῦροι
2052 2307 2344 2386 Ἀχαιῶν.

859 2407 947 2471 ὣς
977 2407 1179 2487 φάτο,
1225 2407 1385 2472 τοὺς
1417 2408 1474 2472 δ’
1502 2406 1630 2486 ἄρα
1659 2407 1902 2473 πάντας
1935 2408 2062 2473 ὑπὸ
2093 2409 2331 2490 τρόμος
2361 2408 2588 2491 ἔλλαβε
2617 2414 2798 2493 γυῖα,

647 2593 716 2653 V.
751 2613 800 2648 1..
870 2599 971 2648 488
1008 2594 1039 2647 ὃ
1064 2594 1116 2646 δ’
1139 2591 1206 2646 D.
1246 2595 1331 2648 ὅδ’
1368 2593 1531 2649 GHL.
1559 2624 1627 2632 —
1660 2599 1762 2648 489
1799 2596 2101 2662 πηνελέοιο
2127 2593 2459 2649 CDEGHLS
2495 2597 2556 2648 et
2588 2594 2797 2662 Heynii

509 2663 656 2717 libri.
691 2664 990 2729 πηνελέωο
1028 2661 1095 2715 A.
1144 2665 1407 2726 πηνέλεω
1444 2662 1603 2716 Cant.
1642 2678 1725 2729 γρ.
1763 2663 1824 2716 δὲ
1870 2664 2170 2730 πηνελέωο
2215 2662 2366 2720 Harl.
2404 2663 2436 2717 δ
2483 2664 2533 2715 δ’
2564 2661 2672 2718 DL.
2711 2666 2805 2718 ὅδ’

513 2730 622 2785 CH.
658 2761 724 2770 --
761 2736 862 2784 490
897 2731 1001 2784 τὸν
1037 2731 1098 2784 δὲ
1136 2731 1367 2796 μάλιςτα
1401 2730 1541 2788 Mor.
1578 2729 1804 2784 Baroce.
1852 2762 1912 2770 —
1960 2736 2055 2783 491
2104 2734 2314 2799 τρῲων
2349 2729 2411 2783 L.
2458 2732 2661 2785 ὄπαςςε
2706 2732 2799 2784 ΑΟ

515 2798 618 2851 DH
654 2798 891 2852 Pausan.
927 2798 997 2865 11,
1036 2804 1085 2864 3,
1121 2805 1167 2852 4.
1207 2799 1380 2854 ὄπαζε
1419 2797 1471 2852 S.
1512 2799 1741 2852 ὤπαςεν
1778 2797 1836 2850 Ε.
1881 2830 1940 2837 —
1980 2804 2078 2851 492
2115 2799 2185 2863 ἂρ
2222 2797 2439 2857 DGHL.
2475 2815 2544 2867 αρ
2581 2800 2644 2852 A.
2682 2800 2800 2852 ὑπο

513 2866 731 2921 ADHL.
769 2898 836 2907 —
870 2872 968 2920 494
1007 2864 1137 2918 libri
1173 2867 1392 2934 διαπρὸ.
1428 2897 1492 2906 --
1527 2870 1629 2919 495
1666 2865 1698 2918 ὃ
1735 2867 1787 2918 δ’
1822 2865 1888 2919 D.
1928 2868 2014 2921 ὅδ’
2038 2864 2249 2920 CGHL.
2289 2868 2532 2922 πετάςας
2570 2866 2613 2919 Ε
2652 2865 2800 2935 Lips.

516 2965 561 2973 -—
611 2941 710 2989 496
746 2936 1021 3002 πηνέλεος
1056 2932 1101 2986 Ε
1137 2932 1295 2988 Vrat.
1336 2934 1388 2988 d.
1426 2936 1476 2986 δ’
1510 2934 1876 3000 ἑρυςςάμενος
1913 2933 1961 2985 G
1996 2932 2143 2987 Flor.
2168 2933 2327 2988 Rom.
2356 2965 2419 2973 -
2454 2942 2553 2989 497
2590 2938 2802 3001 χαμᾶζε

510 3002 739 3057 ADEH=
793 3003 1001 3069 χαμάζε
1050 2998 1188 3056 CGL
1262 3033 1323 3042 —-
1377 3008 1477 3057 498
1522 3004 1714 3067 πήλικι
1762 3000 1829 3054 D.
1886 3004 2063 3070 κάρην
2109 3000 2175 3056 G.
2223 3009 2271 3059 2.
2321 3019 2469 3061 man.
2525 3005 2801 3070 ὄμβριμον

511 3070 661 3125 CHS.
707 3100 765 3108 -—
804 3078 903 3125 499
940 3072 972 3125 ό
1008 3072 1068 3125 δέ
1105 3075 1186 3137 φῆ
1225 3069 1321 3123 AE
1360 3070 1544 3124 Schol.
1585 3070 1624 3125 C
1661 3075 1777 3123 253.
1818 3068 2017 3123 Suidas
2056 3068 2132 3136 11,
2166 3075 2213 3136 2,
2256 3076 2401 3135 1456,
2452 3077 2499 3124 2.
2538 3073 2570 3125 ό
2606 3073 2674 3138 δὴ
2760 3074 2799 3138 ὴ

511 3141 559 3192 G
597 3137 778 3193 Schol.
829 3138 1090 3197 Nicandr.
1138 3135 1296 3193 Alex.
1335 3145 1446 3192 215.
1491 3140 1521 3191 ό
1558 3140 1704 3205 δεφη
1741 3137 1926 3206 Apoll,
1965 3136 2134 3207 Soph.
2188 3143 2297 3195 106.
2334 3145 2384 3193 4.
2421 3139 2453 3192 ὃ
2496 3141 2546 3193 δ’
2579 3141 2690 3208 ἔφη
2712 3088 2799 3193 ἵ).

514 3209 600 3261 ὅδ’
634 3209 744 3274 ἔφη
784 3205 895 3260 CH.
935 3208 967 3261 ὁ
1004 3208 1055 3260 δ’
1090 3209 1201 3275 ἔφη
1230 3205 1314 3262 LS
1358 3204 1421 3259 Li
1465 3226 1507 3259 s,
1544 3205 1703 3259 Vrat.
1741 3210 1805 3260 A.
1844 3206 1897 3257 b.
1939 3205 1992 3260 d.
2029 3236 2095 3244 —
2143 3212 2243 3260 500
2277 3209 2510 3276 τρῲεςςι
2546 3205 2605 3261 L.
2651 3207 2802 3274 ηῠδα

512 3273 578 3328 D.
619 3306 679 3314 —
717 3280 809 3327 501
850 3280 1031 3341 τρῷες
1069 3273 1126 3330 L.
1175 3304 1238 3315 —
1286 3282 1387 3330 503
1497 3290 1606 3328 om.
1651 3272 1722 3329 D.
1772 3274 2191 3341 ἀλεγεινορίδαο
2227 3273 2286 3333 1..
2333 3304 2398 3314 —
2444 3280 2545 3329 505
2589 3292 2687 3330 ςυν
2730 3275 2800 3333 A,

508 3372 565 3380 —-
611 3348 711 3396 506
747 3343 857 3396 ὑπο
894 3341 1109 3396 ACDH.
1147 3345 1357 3411 τρόμος
1394 3344 1595 3407 ἔλλαβε
1629 3346 1763 3406 γυῖα
1799 3340 1995 3401 ACEH
2054 3344 2240 3409 ἔλαβε)
2281 3342 2317 3396 S
2366 3344 2595 3409 (εἵλετο)
2635 3341 2799 3396 Cant.

509 3410 736 3463 Bar-occ.
772 3407 914 3463 Mor.
949 3409 1097 3479 Lipe.
1135 3411 1295 3470 Rom.
1333 3411 1561 3480 χλωρὸν
1597 3411 1724 3465 δέος
1761 3409 1913 3464 εἷλεν
1940 3408 2040 3464 DG
2094 3451 2103 3463 .
2140 3427 2226 3478 γρ.
2261 3412 2397 3466 τοὺς
2432 3411 2541 3478 ἄρα
2574 3412 2798 3466 πάντας

511 3481 624 3532 ὑπο
661 3479 889 3547 χλωρὸν
925 3478 1051 3534 δέος
1088 3479 1203 3535 εἷλε
1240 3481 1307 3533 Α.
2659 3502 2667 3509 ·

516 3585 598 3592 ..--.

647 3631 719 3687 A.
754 3650 801 3685 c.
872 3637 973 3686 499
1008 3633 1090 3701 φὴ
1130 3634 1222 3699 (ε-
1259 3633 1359 3756 mc?
1404 3630 1747 3685 Zenodotus:
1791 3631 2146 3686 Aristarchus
2189 3637 2272 3699 φῆ
2320 3633 2408 3700 (=
2443 3630 2607 3700 ἔφη),
2654 3630 2805 3685 bons.

513 3699 668 3754 Euat.
706 3706 829 3767 999,
867 3706 952 3753 25.
990 3729 1054 3741 -
1093 3706 1194 3755 500
1233 3702 1327 3768 Ἀρ
1351 3716 1588 3767 ςταρχος
1624 3700 1984 3765 ἐκδεξάμενος
2020 3701 2090 3754 τὸ
2133 3701 2246 3768 ἔφη
2283 3701 2434 3767 ῥῆμά
2469 3701 2678 3766 ὁμοίως
2713 3705 2805 3768 τῷ

512 3770 610 3836 ἔβη
648 3770 843 3823 δοκεῖ
886 3770 1167 3824 ἀθετεῖν
1219 3768 1323 3821 τὸν
1377 3770 1650 3835 δεύτερον
1702 3769 1891 3835 ςτίχον
1935 3771 2101 3835 (500).
2155 3770 2297 3835 ὅπερ
2342 3770 2446 3823 οὐκ
2491 3770 2805 3832 ἀναγκαῖον

511 3836 694 3890 Schol.
730 3838 796 3891 A.
842 3838 899 3892 Ἀ
942 3837 1197 3904 ίςταρχος
1233 3839 1303 3892 τὸ
1351 3842 1433 3904 φῆ
1471 3838 1623 3903 ῥῆμα
1659 3837 1945 3903 ἐκδέχεται
1982 3837 2073 3890 καὶ
2108 3836 2293 3890 ἀθετεῖ
2339 3837 2446 3890 τὸν
2483 3839 2610 3903 ἑξῆς
2650 3836 2803 3903 (500)

512 3904 698 3958 Schol.
733 3906 800 3961 A.
858 3922 891 3959 ο
930 3906 1133 3960 δέποτε
1179 3909 1283 3958 τοο
1333 3921 1432 3959 ποι
1472 3908 1578 3957 τοῦ
1625 3904 1717 3958 ἐπὶ
1766 3910 1869 3958 τοῦ
1916 3904 2098 3958 εἰπεῖν
2140 3904 2444 3958 τάςςοντος
2488 3906 2600 3966 τὴν
2651 3905 2805 3959 λέξιν
2900 3952 2919 3964 ,

511 3973 767 4039 (φράςαι)
813 3975 1007 4041 διόπερ
1056 3973 1408 4041 Ἀρίςταρχος
1481 3990 1514 4024 ν
1562 3976 1635 4039 τῇ
1684 3973 1732 4026 Ξ
1777 3971 1926 4035 (cod.
1976 3973 2038 4038 Ρ)
2092 3977 2196 4092 τἾῙς
2246 3974 2469 4027 Ἰλιάδος
2525 3974 2808 4040 ἡθέτηκεν

508 4042 806 4108 ,,πέφραδέ
848 4058 914 4095 τε
962 4041 1209 4109 Τρώεςςι
1254 4044 1345 4096 καὶ
1394 4042 1457 4095 εὑ
1498 4041 1742 4104 όμενος“
1795 4038 1984 4109 Apoll.
2029 4038 2104 4093 So
2189 4079 2202 4093 .
2256 4046 2368 4105 165,
2415 4047 2464 4100 9.
2512 4047 2573 4094 10
2616 4041 2677 4093 et
2727 4047 2788 4094 11

510 4109 654 4162 conf.
692 4107 865 4163 Bekk.
904 4107 1083 4163 Praef.
1125 4107 1308 4163 Sehol.
1344 4108 1402 4161 in
1495 4123 1602 4164 om.
1640 4105 1803 4163 Iliad.
1838 4124 1937 4177 pg.
1972 4106 2074 4163 111.
2156 4107 2299 4166 ebra.
2336 4109 2499 4163 Arist.
2539 4124 2595 4175 p.
2631 4114 2713 4162 93.
2736 4144 2806 4153 .-

507 4182 606 4230 505
643 4178 766 4230 ςὺνε
813 4177 874 4229 ἐν
918 4176 1235 4231 Zenodotus
1278 4178 1338 4230 et
1372 4175 1803 4245 Aristophanes,
1858 4175 2001 4233 conf.
2052 4178 2085 4231 Γ
2126 4180 2220 4230 159
2256 4179 2317 4230 ἐν
2355 4177 2511 4243 νηυςὶ
2562 4177 2801 4235 νεέςθω.

509 4243 648 4297 ἰέναι
684 4246 785 4298 ςὺν
822 4243 914 4312 νηί
947 4262 984 4310 γ
1017 4250 1134 4300 323.
1172 4262 1204 4299 κ
1238 4251 1356 4300 323.
1394 4261 1442 4297 ω
1482 4251 1593 4302 152.
1633 4245 1821 4298 ἐλθεῖν
1867 4261 1903 4297 α
1944 4249 2058 4298 182.
2107 4261 2124 4298 ι
2170 4250 2283 4299 373.
2333 4244 2370 4299 Ε
2405 4249 2524 4300 641.
2575 4243 2666 4313 (ἐν
2704 4248 2805 4314 νηὶ

511 4312 542 4373 β
577 4316 716 4373 263).
753 4312 961 4366 ίκέςθαι
995 4331 1032 4379 γ
1066 4318 1149 4365 61.
1190 4314 1400 4378 βαίνειν
1436 4313 1487 4367 Δ
1526 4315 1640 4365 181.
1687 4312 1927 4377 ἀλάομαι
1972 4328 2007 4377 γ
2043 4317 2160 4369 302.
2201 4314 2440 4380 φεύγειν
2484 4313 2525 4367 Β
2563 4317 2644 4367 74.
2687 4319 2811 4372 1-10.

507 4391 544 4443 γ
583 4383 677 4431 165
712 4379 958 4444 πέμπειν
993 4382 1059 4435 Δ.
1098 4384 1214 4435 183.
1249 4385 1369 4435 389.
