3144 5006
510 431 596 496 20
1434 432 1767 487 ιΛιΑΔος
1824 432 1886 484 Ν.

680 585 884 665 αὐτὰρ
926 585 966 651 ὅ
1009 586 1080 663 γ’
1124 586 1489 667 ἀςθμαίνων
1534 585 1835 664 εὐεργέος
1879 583 2099 649 ἔκπεςε
2146 581 2422 666 δίφρου,

513 693 640 751 400
680 686 922 753 ἵππους
966 688 1025 753 δ’
1068 688 1467 769 Ἀντίλοχος,
1513 688 1881 769 μεγαθύμου
1929 686 2247 765 Νέςτορος
2292 684 2466 767 υἱός,

681 789 932 856 ἐξέλαςε
978 791 1225 871 Τρώων
1271 791 1414 870 μετ’
1457 789 1836 869 ἐυκνήμιδας
1882 788 2187 867 Ἀχαιούς.

856 892 1196 973 Δηίφοβος
1240 893 1310 956 δὲ
1355 892 1525 970 μάλα
1567 892 1802 971 ςχεδὸν
1846 889 2079 967 ἤλυθεν
2124 890 2516 972 Ἰδομενῆος,

681 993 886 1058 Ἀςίου
931 993 1322 1075 ἀχνύμενος,
1368 994 1473 1057 καὶ
1514 992 1807 1059 ἀκόντιςε
1852 993 2041 1076 δουρὶ
2078 998 2350 1074 φαεινῷ.

683 1093 826 1159 ἀλλ’
868 1094 907 1157 ὃ
953 1097 1069 1176 μὲν
1114 1093 1278 1159 ἄντα
1322 1093 1479 1161 ἰδὼν
1523 1094 1801 1172 ἠλεύατο
1847 1095 2124 1173 χάλκεον
2168 1093 2363 1172 ἔγχος

512 1201 635 1259 405
683 1195 1063 1274 Ἰδομενεύς·
1113 1196 1365 1275 κρύφθη
1409 1196 1532 1274 γὰρ
1578 1195 1697 1260 ὑπ’
1740 1196 1951 1261 ἀςπίδι
1996 1196 2261 1262 πάντος’
2305 1194 2465 1278 ἐίςῃ,

675 1298 791 1375 τὴν
836 1297 938 1377 ἄρ’
980 1297 1018 1362 ὅ
1063 1317 1138 1373 γε
1183 1296 1406 1376 ῥινοῖςι
1451 1301 1628 1376 βοῶν
1671 1298 1775 1363 καὶ
1818 1299 2072 1377 νώροπι
2117 1299 2337 1379 χαλκῷ

690 1400 968 1477 δινωτὴν
1012 1400 1355 1481 φορέεςκε,
1402 1398 1538 1464 δύω
1585 1399 1920 1465 κανόνεςς’
1962 1398 2308 1479 ἀραρυῖαν·

682 1506 757 1583 τῇ
804 1500 934 1565 ὕπο
980 1505 1105 1565 πᾶς
1149 1501 1334 1581 ἐάλη,
1380 1502 1458 1566 τὸ
1501 1500 1559 1564 δ’
1605 1501 1974 1579 ὑπέρπτατο
2007 1501 2297 1579 ,χάλκεον
2342 1500 2561 1578 ἔγχος,

680 1602 1056 1681 καρφαλέον
1101 1603 1172 1666 δέ
1217 1602 1281 1667 οἱ
1324 1601 1510 1667 ἀςπὶς
1553 1602 2007 1681 ἐπιθρέξαντος
2051 1601 2244 1668 ἄυςεν
2298 1680 2307 1683 ‚

513 1708 639 1766 410
685 1701 941 1782 ἔγχεος·
990 1704 1129 1767 οὐδ’
1173 1703 1357 1769 ἅλιόν
1404 1702 1486 1782 ῥα
1530 1703 1783 1785 βαρείης
1828 1707 2042 1784 χειρὸς
2086 1704 2367 1785 ἀφῆκεν,

679 1805 824 1869 ἀλλ’
866 1805 1041 1885 ἔβαλ’
1084 1805 1442 1885 Ἱππαςίδην
1490 1806 1860 1886 Ὑψήνορα,
1908 1806 2184 1887 ποιμένα
2226 1807 2436 1875 λαῶν.

681 1906 854 1986 ἧπαρ
899 1904 1028 1971 ὑπὸ
1072 1908 1445 1990 πραπίδων,
1491 1906 1673 1987 εἶθαρ
1719 1907 1775 1973 δ’
1823 1908 1952 1973 ὑπὸ
1999 1907 2270 1985 γούνατ’
2314 1907 2513 1971 ἔλυςε.

679 1993 1020 2089 Δηίφοβος
1064 2007 1122 2072 δ’
1164 2007 1493 2085 ἔκπαγλον
1538 2009 1850 2077 ἐπεύξατο
1896 2011 2139 2090 μακρὸν
2183 2010 2409 2074 ἀύςας·

857 2108 938 2173 οὐ
983 2110 1108 2187 μὰν
1151 2109 1294 2175 αὖτ’
1336 2109 1549 2176 ἄτιτος
1594 2112 1756 2177 κεῖτ’
1799 2112 2038 2193 Ἀςιος,
2083 2109 2251 2176 ἀλλά
2294 2110 2326 2173 ἕ
2369 2129 2530 2190 φημι

510 2217 633 2273 415
681 2211 769 2277 εἰς
812 2209 1028 2274 Ἄϊδός
1073 2230 1195 2291 περ
1241 2211 1422 2277 ἰόντα
1464 2214 1800 2293 πυλάρταο
1844 2217 2180 2292 κρατεροῖο

683 2312 979 2392 γηθήςειν
1023 2313 1184 2376 κατὰ
1226 2311 1462 2391 θυμόν,
1507 2315 1645 2379 ἐπεί
1690 2315 1773 2393 ῥά
1817 2315 1880 2379 οἱ
1925 2316 2150 2381 ὤπαςα
2194 2313 2477 2392 πομπόν.

857 2413 946 2478 ὣς
989 2412 1211 2497 ἔφατ’,
1257 2415 1585 2494 Ἀργείοιςι
1629 2415 1687 2480 δ’
1730 2414 1892 2495 ἄχος
1934 2417 2151 2494 γένετ’
2195 2414 2601 2495 εὐξαμένοιο,

679 2515 1029 2600 Ἀντιλόχῳ
1075 2516 1147 2580 δὲ
1194 2517 1457 2596 μάλιςτα
1499 2519 1807 2599 δαΐφρονι
1851 2519 2052 2600 θυμὸν
2097 2518 2347 2599 ὄρινεν·

681 2617 828 2682 ἀλλ’
876 2616 1017 2681 οὐδ’
1062 2615 1422 2697 ἀχνύμενός
1465 2640 1588 2699 περ
1632 2620 1747 2685 ἑοῦ
1792 2619 2104 2701 ἀμέληςεν
2148 2619 2432 2699 ἑταίρου,

509 2726 636 2785 420
679 2719 848 2784 ἀλλὰ
890 2718 1061 2785 θέων
1104 2718 1330 2801 περίβη
1375 2721 1475 2785 καί
1520 2720 1584 2785 οἱ
1627 2721 1818 2786 ςάκος
1861 2721 2309 2803 ἀμφεκάλυψε.

678 2823 796 2888 τὸν
842 2823 957 2901 μὲν
1002 2821 1204 2886 ἔπειθ’
1248 2820 1572 2889 ὑποδύντε
1619 2824 1753 2888 δύω
1799 2822 2044 2904 ἐρίηρες
2088 2824 2360 2907 ἑταῖροι,

683 2923 1065 3003 Μηκιςτεύς,
1111 2922 1341 3004 Ἐχίοιο
1387 2925 1569 3008 πάις,
1615 2926 1714 2993 καὶ
1758 2928 1899 2990 δῖος
1942 2925 2293 3003 Ἀλάςτωρ,

644 3124 711 3183 V.
747 3143 794 3177 1..
830 3131 930 3179 399
974 3126 1007 3178 ὅ
1041 3128 1118 3192 γ’;
1167 3126 1200 3180 ὃ
1236 3125 1297 3184 L.
1344 3157 1410 3166 —
1453 3133 1551 3182 401
1602 3128 1855 3183 ἐξὲλαςςε
1901 3127 1971 3181 H.
2023 3128 2254 3193 τρώιων
2299 3124 2402 3180 CL.
2462 3124 2798 3190 εὐκνήμιδας

510 3206 772 3264 CDGHL.
822 3209 1324 3266 ΕΥΚΝΗΜΕΙΔΑΕ
1361 3212 1555 3268 Ambr.
1595 3243 1662 3252 -
1696 3219 1797 3267 404
1833 3213 1865 3266 δ
1902 3214 2005 3278 μὲν
2042 3211 2100 3265 Ο.
2137 3242 2202 3250 -
2246 3217 2348 3265 405
2382 3211 2650 3266 πάντοςε.
2686 3210 2797 3275 ῖςηι

513 3281 575 3332 A.
609 3276 949 3331 ΠΑΝΤΟΕΕ
988 3278 1117 3333 ΙΕΗΙ
1145 3278 1398 3332 Ambroe.
1436 3281 1681 3335 πάντοςε
1706 3282 1795 3350 ἴςῃ
1823 3277 2009 3333 DGSL
2036 3280 2111 3348 (ἴς
2152 3282 2230 3348 ν).
2264 3278 2466 3333 άςπίδα
2499 3276 2548 3329 D
2578 3284 2621 3329 1.
2645 3290 2798 3334 man.

517 3375 581 3384 —
602 3349 703 3398 406
728 3345 798 3412 ἀρ
824 3343 1047 3398 ADGH.
1074 3348 1107 3399 δ’
1141 3363 1206 3412 γε
1231 3344 1324 3401 CD
1351 3346 1413 3401 Li
1459 3365 1528 3402 a:
1566 3350 1654 3413 ὅγ’
1680 3350 1742 3402 ἐν
1767 3346 2006 3401 AGHLS
2031 3349 2091 3401 et
2167 3346 2319 3415 eynii
2341 3344 2486 3399 libri.
2510 3343 2641 3397 Zon.
2667 3343 2798 3396 1101.

509 3417 626 3470 520.
654 3410 837 3465 Draco
874 3410 945 3466 de
970 3412 1134 3471 Metr.
1173 3421 1258 3481 80,
1284 3422 1331 3476 4,
1370 3365 1476 3470 ΟΙΕ’
1510 3417 1598 3471 ΕΝ
1629 3415 1874 3471 ΡΙΝΟΙΕΙ
1911 3415 2166 3470 Αωδτοε.
2203 3410 2348 3469 cofif.
2388 3413 2461 3467 ad
2498 3413 2554 3466 Μ
2589 3416 2707 3464 263.
2733 3439 2796 3488 -;

510 3483 612 3534 408
647 3485 748 3549 τῇι
784 3483 894 3547 τὴν
930 3480 996 3539 D.
1040 3487 1113 3551 τῇ
1150 3484 1201 3536 δ’
1235 3483 1348 3537 ὕπο
1385 3481 1543 3538 Vrat.
1581 3487 1629 3537 d.
1676 3484 1789 3539 ὑπο
1825 3485 1889 3541 A.
1934 3485 2050 3538 ὑπὸ
2087 3481 2198 3538 DL.
2236 3484 2371 3547 ἐάλη
2409 3479 2579 3534 EGL:
2625 3481 2799 3532 oeten

507 3549 642 3615 ἐάλη
680 3564 806 3600 cum
845 3546 1048 3603 Scholl.
1083 3552 1128 3605 Λ
1169 3555 1284 3605 192.
1322 3552 1371 3606 Φ
1412 3556 1528 3605 536.
1568 3552 1725 3619 ἐάληι
1750 3553 1815 3604 A.
1856 3553 1978 3606 τόδ’
2012 3552 2075 3605 A.
2114 3582 2179 3590 -
2214 3557 2314 3604 410
2349 3549 2613 3625 ἄλιονρά
2648 3546 2704 3599 L.
2729 3574 2800 3587 —

508 3623 605 3671 411
644 3617 788 3670 ἀλλὰ
825 3617 950 3682 βάλ’
984 3615 1049 3671 D.
1087 3618 1278 3684 ἔβαλλ’
1311 3617 1370 3674 C.
1410 3647 1473 3658 —
1510 3624 1611 3672 412
1649 3624 1804 3686 ῆπαρ
1840 3623 1902 3673 A.
1951 3622 2065 3675 ὑπο
2100 3619 2188 3673 bis
2223 3621 2292 3675 A.
2334 3620 2386 3672 δ’
2422 3616 2602 3671 omxtt.
2640 3613 2698 3668 1..
2735 3615 2799 3667 δὲ

505 3685 745 3749 γούνατ’
777 3684 830 3738 S.
868 3685 1028 3740 ἔλυςε
1065 3683 1239 3740 ACG:
1278 3687 1383 3744 oet.
1422 3687 1637 3741 ἔλυςεν.
1670 3718 1729 3726 -
1767 3694 1868 3741 414
1902 3689 2095 3743 ἄτιτος
2129 3688 2196 3746 Α.
2233 3687 2376 3740 ἀλλά
2411 3687 2438 3739 ἑ
2472 3687 2617 3751 φημὶ
2651 3678 2796 3736 ACD

509 3784 721 3840 EGHL.
761 3815 825 3827 —-
860 3792 961 3839 415
995 3787 1166 3841 ἐόντα
1202 3790 1256 3841 S.
1303 3805 1333 3840 κ
1373 3794 1624 3856 ατεροῖοε
1663 3761 2118 3858 κρυεροῖοῖωῂ
2154 3818 2222 3828 -
2263 3792 2364 3841 416
2400 3802 2545 3841 κατα
2579 3783 2696 3836 AD.
2730 3812 2797 3821 —-·

506 3859 609 3908 420
643 3856 1018 3923 ἀμφεκάλυψε
1063 3853 1277 3914 ACDG.
1362 3859 1685 3924 μφικάλυψε
1731 3856 1890 3911 Vrat.
1936 3856 1989 3915 d.
2031 3886 2092 3897 -
2139 3861 2238 3911 421
2285 3857 2574 3911 ὑποδθντε
2618 3851 2682 3905 D.
2731 3880 2795 3889 ——

506 3927 607 3976 422
643 3921 818 3978 habet
850 3925 900 3977 A
935 3921 994 3976 in
1028 3938 1204 3993 marg.
1672 3948 1677 3953 ·

649 4093 718 4148 A.
755 4112 801 4148 c.
861 4100 962 4150 399
985 4090 1312 4162 άρίςταρχος
1338 4096 1510 4162 χωρὶς
1545 4100 1650 4150 τοῠ
1686 4113 1751 4162 γε
1787 4097 1968 4165 αὐτὰρ
2004 4096 2036 4151 ὃ
2079 4096 2403 4163 ἀςθμαίνων
2448 4091 2797 4161 Didymus,

513 4190 579 4202 --
613 4168 713 4216 407
750 4164 1063 4217 κανόνεςς’;
1111 4162 1173 4216 ἐκ
1209 4164 1461 4230 πλήρους
1496 4164 1555 4219 αἱ
1600 4165 1934 4233 ἀριςτάρχου
1984 4166 2272 4220 κανόνεςςι
2316 4162 2499 4220 Schol.
2543 4163 2607 4218 A.
2653 4158 2799 4217 conf.

512 4227 579 4287 H.
620 4228 684 4288 T.
720 4236 837 4284 396.
873 4261 938 4269 —
983 4234 1085 4283 415
1132 4230 1247 4298 [ὅτι
1316 4230 1477 4284 ἰόντα
1523 4234 1613 4287 διὰ
1656 4237 1761 4287 τοῦ
1802 4239 1828 4289 ἶ
1875 4234 1931 4288 αἱ
1975 4234 2304 4302 ἀριςτάρχου
2350 4228 2693 4297 Didymae.
2735 4258 2798 4266 —

510 4302 611 4348 423
637 4299 791 4351 οὕτω
828 4300 915 4353 διὰ
940 4302 1044 4351 τοῦ
1081 4304 1114 4353 ἒ
1153 4300 1210 4353 αἱ
1281 4299 1580 4368 ριςτάρχου
1605 4303 1971 4368 ςτεναχόντε,
2007 4303 2077 4355 οὐ
2114 4302 2203 4355 διὰ
2237 4304 2342 4354 τοῦ
2377 4309 2417 4357 ἄ
2452 4307 2583 4362 Did
2592 4324 2696 4376 ym
2711 4322 2798 4362 us„

513 4366 857 4430 ςτεναχόντα
891 4365 1225 4421 Zenodotun.
