3144 5006
483 425 605 490 112
1406 427 1735 484 ΙΛΙΑΔΟ(
1793 428 1867 486 Π.

640 580 982 659 Δωδώνης
1027 579 1274 660 μεδέων
1318 581 1759 662 δυςχειμέρου·
1805 582 1969 660 ἀμφὶ
2012 582 2085 646 δὲ
2130 581 2354 647 (ελλοὶ

475 686 596 745 235
643 683 742 747 col
783 682 1025 747 ναίους’
1066 683 1396 764 ὑποφῆται
1441 681 1872 749 ἀνιπτόποδες
1915 687 2310 763 χαμαιεῦναι.

643 782 800 864 ἠμὲν
831 785 924 864 -δή
969 785 1116 850 ποτ’
1158 785 1316 864 ἐμὸν
1360 784 1521 849 ἔπος
1563 785 1786 850 ἔκλυες
1829 783 2238 869 εὐξαμένοιο,

639 886 895 964 τίμηςας
937 887 1056 966 μὲν
1100 887 1241 970 ἐμέ,
1287 887 1447 966 μέγα
1488 887 1545 951 δ’
1587 885 1753 965 ἴψαο
1798 887 1959 951 λαὸν
2006 888 2307 970 Ἀχαιῶν,

639 987 741 1064 ἠδ’
783 986 877 1052 ἔτι
922 988 1024 1052 καὶ
1067 992 1185 1054 νῦν
1229 1008 1336 1066 μοι
1379 987 1516 1054 τόδ’
1558 988 1948 1068 ἐπικρήηνον
1993 988 2264 1068 ἐέλδωρ·

640 1087 832 1153 αὐτὸς
877 1089 992 1170 μὲν
1036 1089 1159 1169 γὰρ
1204 1090 1332 1166 ἐγὼ
1378 1089 1587 1169 μενέω
1632 1094 1809 1168 νηῶν
1855 1090 1926 1155 ἐν
1971 1090 2205 1172 ἀγῶνι,

480 1195 604 1253 240
648 1190 789 1255 ἀλλ’
834 1190 1065 1269 ἕταρον
1111 1192 1343 1273 πέμπω
1386 1192 1651 1258 πολέςιν
1696 1193 1853 1272 μετὰ
1899 1192 2357 1272 Μυρμιδόνεςςι

652 1291 1031 1372 μάρναςθαι·
1075 1299 1167 1373 τῷ
1211 1297 1402 1358 κῦδος
1444 1291 1572 1372 ἅμα
1616 1294 1814 1374 πρόες
1860 1293 2152 1372 εὐρύοπα
2193 1294 2355 1378 Ζεῦ,

642 1393 962 1472 θάρςυνον
1006 1391 1077 1459 δέ
1123 1393 1186 1466 οἱ
1229 1394 1387 1474 ἦτορ
1434 1394 1531 1460 ἐνὶ
1574 1394 1828 1475 φρεςίν,
1875 1394 2054 1476 ὄφρα
2095 1397 2197 1460 καὶ
2238 1397 2481 1475 Ἕκτωρ

649 1494 907 1577 εἴςεται,
953 1496 991 1573 ἤ
1040 1494 1120 1575 ῥα
1164 1498 1266 1560 καὶ
1310 1494 1455 1562 οἶος
1498 1496 1819 1576 ἐπίςτηται
1863 1497 2228 1578 πολεμίζειν

650 1597 956 1677 ἡμέτερος
999 1597 1336 1681 θεράπων,
1379 1598 1418 1677 ἦ
1466 1596 1528 1662 οἱ
1571 1598 1718 1662 τότε
1762 1591 1971 1678 χεῖρες
2016 1598 2250 1666 ἄαπτοι

478 1702 600 1761 245
645 1696 953 1783 μαίνονθ’,
1001 1699 1235 1766 ὁππότ’
1280 1700 1410 1776 ἐγώ
1454 1720 1577 1779 περ
1620 1698 1703 1766 ἴω
1748 1703 1905 1780 μετὰ
1949 1702 2167 1780 μῶλον
2211 1701 2460 1780 Ἄρηος.

650 1798 855 1879 αὐτὰρ
902 1800 1041 1866 ἐπεί
1086 1803 1140 1865 κ’
1185 1802 1317 1867 ἀπὸ
1362 1804 1564 1882 ναῦφι
1608 1800 1815 1881 μάχην
1859 1801 2103 1882 ἐνοπήν
2146 1822 2217 1867 τε
2262 1803 2493 1886 δίηται,

644 1900 919 1980 ἀςκηθής
965 1923 1072 1981 μοι
1117 1904 1337 1968 ἔπειτα
1380 1904 1539 1969 θοὰς
1584 1903 1691 1968 ἐπὶ
1734 1906 1892 1981 νῆας
1933 1902 2140 1969 ἵκοιτο
2178 1897 2182 1902 ’

646 2003 893 2083 τεύχεςί
934 2024 1004 2069 τε
1049 2004 1163 2070 ξὺν
1207 2007 1356 2071 πᾶςι
1400 2004 1501 2070 καὶ
1544 2002 1933 2084 ἀγχεμάχοις
1977 2003 2310 2083 ἑτάροιςιν.

822 2105 911 2172 ῶς
954 2106 1143 2187 ἔφατ’
1184 2105 1567 2190 εὐχόμενος,
1611 2109 1731 2170 τοῦ
1774 2105 1831 2169 δ’
1875 2106 2060 2174 ἔκλυε
2105 2106 2360 2186 μητίετα
2402 2105 2584 2172 Ζεύς.

479 2210 605 2270 250
647 2212 738 2289 τῷ
784 2206 841 2271 δ’
886 2206 1109 2286 ἕτερον
1153 2209 1269 2288 μὲν
1313 2208 1516 2274 ἔδωκε
1561 2208 1797 2288 πατήρ,
1843 2207 2067 2286 ἕτερον
2113 2208 2170 2272 δ’
2214 2207 2544 2274 ἀνένευςε·

646 2312 822 2388 νηῶν
866 2309 983 2387 μέν
1029 2308 1091 2374 οἱ
1134 2307 1501 2378 ἀπώςαςθαι
1544 2310 1833 2389 πόλεμόν
1877 2328 1946 2375 τε
1990 2310 2197 2389 μάχην
2239 2330 2309 2374 τε

611 2571 678 2626 V.
716 2592 766 2627 ι..
834 2576 936 2625 234
977 2572 1063 2629 δὲ.
1111 2573 1296 2626 ςελλοὶ
1343 2574 1417 2624 A:
1465 2572 1524 2626 δέ
1568 2573 1619 2625 ς’
1662 2571 1841 2626 Ἑλλοί
1883 2570 2121 2641 Hesyeh.
2168 2570 2272 2638 IV,
2320 2577 2402 2626 20.
2448 2573 2758 2639 γράφουςιν

474 2641 618 2727 “ff’‘
652 2642 711 2695 δέ
748 2643 795 2695 <‘
830 2638 1366 2763 Ἑιλῡίέἓέιὶῖἑῖ
1379 2641 1806 2762 ’.ξὴιῑιὶκῑὲι
1839 2641 2465 2763 ffifflssaaeffiwfit
2496 2640 2757 2763 {⁶233ss

473 2714 808 2832 {ssdxgaeff
827 2725 1155 2843 χαμιαζθναι
1197 2775 1266 2831 A.
1312 2805 1376 2815 -
1424 2780 1523 2830 236
1567 2775 1606 2842 ἦ
1654 2776 1755 2840 μὲν
1793 2773 1988 2831 CHLS.
2037 2726 2092 2830 egi
2121 2749 2293 2843 μὲν’ἢ
2331 2747 2544 2843 μᾶλλον
2578 2775 2616 2842 ἦ
2654 2777 2756 2842 μὲν

473 2848 631 2932 Ειῖἶ.
669 2879 790 2945 ἐμοὶ
826 2843 1337 2943 Ρίοῒῖὐχομένοιο
1373 2875 1429 2931 S.
1466 2907 1531 2916 —
1569 2881 1670 2933 238
1704 2879 1795 2942 ἠδ’
1828 2875 1930 2929 AD
1967 2882 2015 2931 2.
2053 2892 2200 2931 man.
2236 2880 2327 2944 ἧδ’
2360 2877 2428 2931 H.
2469 2878 2569 2944 ἠδέ
2602 2894 2658 2931 τι
2694 2877 2754 2931 L.

473 2949 606 3001 τόδε
643 2949 892 3015 κρήηνον
928 2944 987 3004 L.
1032 2946 1377 3014 ἑπικρῄῃνον
1415 2943 1472 2998 C.
1516 2945 1860 3012 ἐπικρήηνον
1896 2944 1962 2999 G.
2014 2975 2069 2982 —
2118 2951 2218 2999 239
2263 2946 2325 3000 ἐν
2368 2945 2547 3011 ἀγῶνι
2597 2949 2757 3014 νηῶν

473 3014 541 3069 D.
579 3043 644 3054 —
681 3021 780 3068 240
825 3016 1022 3082 ἕτερον
1067 3014 1278 3079 πέμψω
1314 3012 1375 3070 Ε.
1422 3013 1615 3067 πολέςι
1660 2997 1725 3068 G.
1773 3028 1915 3078 μετα
1950 3012 2015 3064 A.
2075 3014 2458 3081 μυρμιδόνεςςι
2491 3012 2653 3067 ACG.
2688 3041 2757 3052 —

474 3088 571 3136 241
611 3083 781 3149 πρόὲς
815 3083 880 3135 A.
918 3111 982 3121 -
1017 3086 1116 3135 242
1156 3081 1241 3135 ἑνι
1274 3081 1341 3135 A.
1378 3081 1624 3136 ΕΚΤΩΡ’
1659 3078 1778 3149 Syr.
1802 3110 1868 3118 —
1903 3086 2003 3135 243
2037 3081 2074 3147 ἦ
2112 3082 2184 3148 ῥα
2216 3083 2264 3134 A
2301 3080 2515 3139 Townl.
2554 3084 2660 3148 ῆρα
2686 3079 2754 3138 D.

472 3187 507 3252 ἦ
536 3186 606 3252 ῥὰ
630 3184 671 3238 C
696 3191 739 3244 1,
758 3200 905 3237 man.
923 3183 1037 3241 HL.
1063 3185 1196 3305 Eg&
1216 3182 1257 3239 C
1283 3200 1352 3238 ex
1371 3198 1510 3240 corr.
1535 3162 1672 3239 ήΡΑ
1692 3182 1813 3251 Syr.
1837 3183 2128 3251 ἑπίςτηται
2148 3182 2402 3237 ACDGH
2420 3184 2546 3252 Syr.
2567 3182 2752 3239 Schol.

471 3255 530 3308 Π
565 3259 656 3307 83:
693 3253 981 3308 ἐπίςταται
1015 3250 1060 3304 Ε
1199 3250 1349 3328 Ιιιῃε.
1385 3250 1541 3305 Vrat.
1583 3254 1649 3306 A.
1683 3251 1843 3309 Rom.
1888 3280 1956 3292 —
2007 3257 2109 3304 244
2142 3252 2177 3319 ἡ
2214 3252 2272 3306 οἷ
2304 3250 2373 3312 Ι).
2417 3254 2452 3318 ἢ
2489 3252 2545 3307 οἷ
2581 3250 2650 3305 H.
2686 3281 2754 3291 —

471 3360 573 3410 245
610 3371 750 3421 μετα
786 3354 852 3413 D.
889 3385 955 3394 —
992 3360 1091 3409 246
1126 3356 1241 3410 ἀπο
1274 3355 1340 3409 A.
1385 3359 1563 3421 ναῦφι·
1599 3355 1876 3423 μαχοίμην
1908 3354 1968 3408 L.
2016 3383 2082 3394 —
2127 3360 2228 3408 247
2262 3356 2468 3409 ἵκοιτοε
2506 3333 2754 3410 ῙΚέΕΘΩ

477 3457 597 3526 Syr.
626 3487 688 3496 —
727 3462 826 3512 248
862 3460 985 3520 ξῦν,
1025 3462 1155 3512 πᾶςι
1190 3458 1264 3511 A:
1305 3461 1538 3520 ξυμπᾶςι
1572 3457 1640 3514 D.
1678 3462 1917 3524 ςυμπᾶςϊ
1952 3457 2010 3512 C.
2049 3458 2375 3515 ΞΥΜΠΑΕΙ
2414 3457 2554 3527 Syr„
2601 3457 2753 3511 idem

472 3525 656 3580 Schol.
695 3526 741 3579 Ω
777 3531 857 3578 22.
893 3525 1036 3583 conf.
1075 3524 1201 3584 adn.
1239 3525 1311 3580 ad
1345 3526 1393 3580 Z
1428 3532 1544 3581 871.
1596 3528 1635 3580 Κ
1676 3531 1756 3580 19.
1798 3528 1843 3582 Λ
1879 3531 1960 3583 87.
2009 3526 2048 3581 C
2083 3533 2199 3581 213.
2234 3527 2281 3579 Τ
2319 3532 2436 3583 251.
2481 3528 2532 3581 Φ
2572 3531 2681 3580 145.
2722 3528 2752 3579 δ

471 3600 587 3652 671.
634 3612 650 3647 ι
689 3599 801 3648 199.
846 3599 965 3649 332.
1011 3611 1045 3647 κ
1087 3599 1170 3655 42.
1218 3596 1251 3647 λ
1287 3600 1404 3648 257.
1452 3598 1479 3648 ξ
1523 3599 1642 3648 296.
1688 3595 2011 3661 ἑγχεμάχοις
2058 3593 2110 3648 S.
2154 3595 2477 3661 ἀγχιμάχοις
2522 3593 2750 3648 Bau-oce.

472 3662 610 3718 Mor.
646 3663 885 3727 ἑτάροιςι
921 3660 987 3718 D.
1026 3690 1091 3700 —-
1126 3666 1243 3728 248,
1282 3666 1381 3715 249
1418 3661 1600 3716 omitt.
1638 3660 1795 3715 Vrat.
1835 3661 1902 3716 A.
1943 3691 2007 3700 —
2051 3667 2152 3715 249
2190 3665 2269 3717 ὡς
2305 3661 2371 3719 A.
2420 3663 2655 3730 μητιέτα
2688 3659 2749 3713 L

472 3761 537 3770 —
573 3736 674 3785 250
708 3731 927 3785 ἔδωκεν
963 3727 1030 3781 D.
1069 3731 1218 3783 δῶκε
1256 3727 1411 3786 Eust.
1450 3734 1599 3792 1586,
1638 3734 1686 3785 5.
1723 3731 1872 3783 δῶκε
1910 3730 2040 3784 θεὸς
2073 3728 2228 3782 Euat.
2265 3734 2382 3795 644,
2421 3736 2470 3783 9.
2505 3729 2755 3796 ἕτερόνδ’

476 3798 544 3851 G.
581 3799 845 3855 ἀνένευςε
868 3796 1117 3853 ACDEH
1140 3795 1263 3863 Syr.
1301 3795 1502 3850 Athen.
1540 3795 1695 3861 VIII,
1719 3802 1833 3850 350.
1870 3795 2032 3855 Rhet,
2060 3795 2154 3850 Gr.
2182 3795 2390 3865 111,31‚
2430 3802 2481 3851 6.
2519 3797 2752 3851 ἀνένευε

472 3866 615 3924 Mor.
659 3897 728 3921 -.-
762 3872 859 3921 251
899 3866 1090 3932 μέντοι
1126 3865 1167 3920 C
1202 3864 1370 3918 Rhet.
1409 3862 1503 3917 Gr.
1539 3863 1636 3929 111,
1674 3868 1756 3930 31,
1797 3870 1842 3918 7.
1882 3866 1988 3930 μὲν
2022 3865 2077 3919 ot
2111 3863 2176 3917 A.

607 4112 674 4167 A.
711 4131 758 4168 c.
827 4118 928 4168 294
972 4112 1356 4180 δυςχειμέρουι
1410 4111 1793 4165 πολυπίδακος
1837 4109 2166 4167 zenodotus.
2216 4110 2444 4166 (ελλοίτ
2498 4110 2534 4175 ἡ
2581 4110 2749 4175 διπλῆ

471 4182 614 4249 πρὸς
657 4183 728 4235 τὸ
770 4185 875 4249 τῆς
918 4185 1139 4259 γραφῆς
1183 4180 1520 4246 ἀμφίβολον·
1576 4180 1630 4234 οἱ
1686 4180 1789 4246 μὲν
1832 4182 1939 4246 γὰρ
1994 4179 2264 4245 (Σελλούς,
2320 4178 2373 4233 οἱ
2420 4179 2482 4232 δὲ
2525 4177 2750 4232 Ἑλλοὺς

473 4248 793 4325 ἐξεδέξαντο
828 4249 1282 4302 Anstonicus.
1318 4247 1461 4300 conf.
1499 4246 1685 4301 Strab.
1723 4245 1845 4313 VII,
1882 4264 1977 4367 pf.
2002 4252 2120 4303 328.
2156 4277 2221 4285 —
2257 4251 2357 4301 237
2394 4243 2589 4299 obelus
2623 4261 2750 4298 cum

474 4316 764 4380 antenaco,
811 4316 998 4382 ὀρθῶς
1047 4319 1089 4370 Α
1126 4321 1242 4373 454.
1290 4315 1617 4383 Ζηνόδοτος
1663 4315 1793 4369 οὐδὲ
1836 4331 1907 4382 γρ
1993 4325 2064 4369 ει·
2115 4315 2517 4382 Ἀριςτοφᾰνης
2563 4314 2751 4367 ἀθετεῖ

475 4378 657 4434 Schol.
694 4381 761 4438 V.
795 4411 864 4421 —
898 4387 997 4434 243
1033 4383 1349 4451 ἐπίςτηταιτ
1387 4382 1708 4436 ἑπιςτὲαται
1742 4380 2075 4439 Zenodotue.
