3144 5006
497 407 624 471 240
1422 409 1752 465 ιΛιΑΔος
1808 412 1840 464 ι.

668 562 748 641 μὴ
795 563 866 627 δὲ
915 564 1107 643 βοᾶν·
1153 562 1347 628 αὐτὸς
1393 565 1464 628 δὲ
1507 564 1664 642 μετὰ
1707 561 2013 642 πρώτοιςι
2057 565 2346 629 πονεῖτο.

668 662 806 730 ἷζον
855 664 911 728 δ’
955 663 1048 730 εἰν
1093 663 1297 749 ἀγορῇ
1344 663 1690 743 τετιηότες·
1738 664 1819 730 ἂν
1864 664 1923 729 δ’
1966 664 2377 745 Ἀγαμέμνων

545 776 558 789 ·
665 764 882 831 ἵςτατο
928 765 1127 846 δάκρυ
1170 768 1341 845 χέων
1390 765 1480 831 ὥς
1523 786 1592 831 τε
1636 766 1835 846 κρήνη
1881 766 2299 851 μελάνυδρος,

546 873 622 930 15
668 867 706 945 ἥ
750 888 820 933 τε
865 866 998 932 κατ’
1042 867 1355 944 αἰγίλιπος
1400 866 1635 947 πέτρης
1679 868 2012 947 δνοφερὸν
2056 869 2187 947 χέει
2231 869 2435 949 ὕδωρ·

669 968 759 1033 ὣς
804 969 842 1033 ὃ
888 969 1048 1048 βαρὺ
1094 966 1419 1047 ςτενάχων
1462 968 1601 1033 ἔπε’
1645 969 1972 1048 Ἀργείοιςι
2015 970 2325 1050 μετηύδα·

836 1068 891 1133 ὦ
934 1071 1146 1153 φίλοι,
1192 1069 1496 1150 Ἀργείων
1541 1071 1855 1151 ἡγήτορες
1898 1071 2014 1150 ἠδὲ
2057 1071 2383 1156 μέδοντες,

664 1169 830 1236 Ζεύς
874 1191 949 1251 με
994 1169 1156 1250 μέγα
1204 1170 1512 1251 Κρονίδης
1555 1171 1676 1256 ἄτῃ
1720 1173 1978 1253 ἐνέδηςε
2023 1174 2267 1258 βαρείῃ,

668 1272 981 1353 ςχέτλιος,
1027 1272 1104 1337 ὃς
1146 1271 1314 1336 τότε
1337 1272 1452 1351 μέν
1497 1293 1604 1353 μοι
1650 1272 1961 1354 ὑπέςχετο
2008 1275 2113 1339 καὶ
2155 1275 2529 1341 κατένευςεν

542 1379 625 1438 20
665 1374 862 1438 Ἴλιον
905 1373 1274 1452 ἐκπέρςαντ’
1317 1372 1641 1453 εὐτείχεον
1687 1373 2091 1459 ἀπονέεςθαι,

665 1478 787 1541 νῦν
832 1476 904 1540 δὲ
947 1477 1144 1554 κακὴν
1190 1473 1442 1556 ἀπάτην
1489 1476 1877 1557 βουλεύςατο
1897 1523 1915 1556 ,
1960 1478 2062 1542 καί
2105 1498 2180 1558 με
2223 1479 2468 1543 κελεύει

668 1575 938 1642 δυςκλέα
978 1577 1214 1657 Ἀργος
1256 1577 1526 1660 ἱκέςθαι,
1574 1577 1713 1643 ἐπεὶ
1756 1579 1968 1644 πολὺν
2014 1579 2225 1645 ὤλεςα
2268 1579 2451 1645 λαόν.

670 1678 844 1744 οὕτω
889 1699 1020 1745 που
1064 1678 1174 1744 Διὶ
1219 1679 1434 1759 μέλλει
1478 1678 1821 1761 ὑπερμενέι
1863 1679 2061 1761 φίλον
2105 1679 2293 1765 εἶναι,

667 1781 742 1847 ὃς
787 1782 864 1860 δὴ
910 1781 1220 1846 πολλάων
1265 1779 1515 1846 πολίων
1560 1781 1860 1846 κατέλυςε
1904 1780 2148 1862 κάρηνα

542 1887 622 1945 25
665 1882 767 1962 ἠδ’
810 1883 903 1948 ἔτι
947 1882 1046 1947 καὶ
1092 1882 1293 1947 λύςει·
1341 1886 1458 1948 τοῦ
1501 1883 1626 1963 γὰρ
1669 1882 1902 1962 κράτος
1948 1883 2073 1949 ἐςτὶ
2116 1884 2420 1963 μέγιςτον.

665 1983 810 2049 ἀλλ’
851 1983 1048 2067 ἄγεθ’,
1095 1982 1185 2049 ὡς
1230 1983 1310 2049 ἂν
1356 1983 1484 2061 ἐγὼ
1530 1983 1724 2067 εἴπω,
1770 1985 2131 2066 πειθώμεθα
2173 1988 2440 2051 πάντες·

666 2086 1013 2167 φεύγωμεν
1058 2085 1170 2150 ςύν
1215 2086 1395 2165 νηυςὶ
1438 2086 1635 2165 φίλην
1678 2084 1745 2151 ές
1789 2086 2062 2166 πατρίδα
2104 2088 2322 2163 γαῖαν·

669 2188 749 2253 οὐ
793 2191 919 2268 γὰρ
966 2187 1060 2252 ἔτι
1102 2187 1338 2266 Τροίην
1383 2185 1725 2266 αἱρήςομεν
1772 2186 2178 2265 εὐρυάγυιαν.

836 2289 925 2353 ὣς
969 2288 1179 2370 ἔφαθ’,
1227 2287 1292 2351 οἳ
1337 2287 1393 2352 δ’
1435 2287 1561 2367 ἄρα
1605 2288 1844 2353 πάντες
1889 2287 2049 2366 ἀκὴν
2094 2287 2400 2364 ἐγένοντο
2447 2295 2667 2374 ςιωπῇ.

542 2398 624 2455 30
667 2392 784 2469 δὴν
831 2390 886 2454 δ’
928 2387 1105 2473 ἄνεῳ
1149 2387 1307 2467 ἦςαν
1352 2388 1663 2468 τετιηότες
1707 2387 1842 2456 υἷες
1887 2388 2187 2469 Ἀχαιῶν·

669 2491 796 2572 ὀψὲ
843 2492 915 2557 δὲ
959 2492 1037 2570 δὴ
1082 2489 1368 2570 μετέειπε
1415 2491 1571 2571 βοὴν
1618 2488 1861 2568 ἀγαθὸς
1904 2491 2266 2573 Διομήδης·

837 2591 1152 2675 Ἀτρείδη,
1197 2593 1297 2657 ςοὶ
1339 2599 1563 2674 πρῶτα
1608 2593 1962 2675 μαχήςομαι
2006 2594 2426 2675 ἀφραδέοντι,

633 2812 701 2867 V.
738 2831 784 2867 1..
857 2818 916 2867 12
964 2815 1038 2879 μὴ
1086 2813 1149 2867 δὲ
1194 2809 1438 2867 CDGHL
1481 2810 1639 2867 Vrat.
1685 2813 1738 2866 b.
1778 2830 1824 2871 ο.
1872 2816 2009 2884 βοᾷν
2054 2813 2117 2866 G.
2164 2829 2307 2879 μετα
2350 2813 2415 2866 Α.
2462 2843 2528 2853 -
2569 2819 2630 2867 13
2662 2814 2784 2870 ἵζον

500 2880 665 2937 CGH.
698 2884 823 2954 ἷζον
859 2883 923 2934 A.
971 2883 1098 2937 ἔζον
1139 2882 1201 2935 δὲ
1245 2881 1309 2935 ἐν
1345 2879 1527 2934 Schol.
1566 2883 1578 2935 Ι
1618 2887 1665 2934 9.
1709 2883 2034 2950 τετιηκότες
2071 2880 2138 2939 G.
2183 2882 2257 2936 ἀν
2289 2880 2454 2936 ACG.
2488 2910 2555 2921 -
2594 2887 2657 2934 14
2691 2883 2783 2935 δα-

499 2952 755 3019 κρυχέων
799 2964 1008 3003 οωῐιοει.
1064 2951 1143 3004 ὡς
1188 2950 1286 3003 ὅτε
1330 2950 1510 3017 κρήνη
1557 2946 1623 3002 G.
1669 2978 1730 2989 —
1780 2954 1843 3003 15
1877 2950 2158 3039 chy-:moe
2193 2951 2258 3003 A.
2306 2950 2517 3017 πέτρας
2554 2947 2617 3003 G.
2654 2950 2785 3015 χέεν

498 3051 584 3105 Et.
608 3051 724 3121 Mg.
747 3056 865 3116 281,
894 3055 973 3103 14.
999 3080 1065 3089 -—
1092 3054 1155 3102 16
1179 3051 1258 3104 ὡς
1283 3049 1347 3102 A.
1375 3050 1407 3102 ὃ
1431 3048 1695 3104 ACDGL.
1733 3053 2039 3118 βαρυςτενά
2077 3067 2161 3104 ων
2187 3049 2496 3105 CDEGHL.
2533 3053 2785 3117 μετηθδα

498 3119 564 3173 D.
604 3150 668 3158 -
709 3124 770 3172 18
808 3119 974 3183 μέγα;
1013 3119 1185 3184 μέγας
1221 3116 1258 3171 S
1281 3116 1367 3170 Et.
1392 3116 1506 3186 Mg.
1547 3123 1660 3183 163,
1695 3122 1778 3171 48.
1812 3117 1900 3171 Et.
1939 3117 2026 3172 Gu
2068 3159 2082 3173 .
2119 3124 2237 3185 230,
2278 3126 2356 3175 10.
2395 3119 2618 3173 ἐνέδυςε
2642 3117 2781 3172 Mor.

379 3202 384 3208 ·
500 3186 727 3240 Barooc.
767 3220 834 3229 -
871 3191 933 3238 19
969 3186 1032 3240 ὃς
1068 3187 1200 3252 πρὶν
1235 3187 1282 3238 A
1316 3184 1511 3239 Ambr.
1550 3182 1849 3238 CDGHLS.
1886 3214 1952 3224 --
1988 3192 2049 3239 21
2090 3189 2270 3253 κακὴν
2304 3188 2339 3241 ἄ
2417 3204 2448 3239 ν
2486 3185 2527 3240 C
2555 3191 2600 3239 1.
2636 3201 2784 3239 man.

502 3284 564 3293 —-
599 3260 666 3307 22
701 3250 935 3308 δυςκλέᾶ
965 3253 1032 3306 A.
1081 3283 1146 3291 —
1183 3258 1249 3306 26
1285 3253 1400 3317 ἐγὼ
1437 3250 1789 3306 ACDGHLS.
1827 3283 1889 3292 —
1935 3258 2002 3308 28
2038 3254 2368 3321 εὐρυάγειαν
2452 3296 2464 3309 .
2499 3283 2567 3292 -
2602 3259 2666 3306 29
2703 3254 2783 3307 ὡς

500 3324 564 3375 Α.
604 3321 657 3375 οἳ
691 3323 742 3375 δ’
776 3320 843 3374 D.
878 3320 986 3375 οἵδ’
1021 3318 1131 3373 CH.
1169 3350 1234 3358 —
1269 3327 1334 3373 30
1370 3321 1521 3384 ἄνεῳ
1558 3318 1656 3372 ΑΕ
1689 3320 1776 3374 bis
1813 3319 1915 3374 GH
1949 3321 2038 3376 Et.
2074 3320 2219 3375 Gud.
2252 3328 2337 3388 48,
2373 3327 2429 3376 5:
2464 3321 2616 3375 ἄνεω
2642 3318 2782 3374 CDL

502 3389 682 3443 Cram.
717 3388 820 3457 Ep.
860 3394 940 3455 15,
978 3394 1057 3442 17.
1091 3388 1419 3456 τετιηκότες
1455 3385 1519 3441 G.
1557 3423 1623 3433 -
1667 3395 1733 3443 32
1769 3391 2099 3457 μαχέςςομαι
2133 3388 2496 3457 Pseudoplut.
2536 3394 2662 3453 149,
2700 3392 2782 3442 3⁷.

635 3596 701 3648 A.
737 3610 784 3647 ο.
856 3597 921 3646 14
964 3593 1043 3647 ὥς
1085 3608 1151 3647 τε
1196 3592 1377 3660 κρήνη
1424 3593 1790 3661 μελάνυδροςε
1829 3591 2145 3646 Zenodotus
2187 3593 2249 3646 δὲ
2294 3591 2417 3657 μετ’
2459 3591 2557 3657 Ἀρ
2595 3589 2755 3668 είοιςι.

499 3663 688 3718 ἔειπεν
732 3661 825 3716 vel
871 3662 1013 3728 μετὰ
1056 3662 1106 3714 δ’
1152 3660 1477 3728 Ἀργείοιςιν
1512 3662 1703 3715 ἔειπεν
1775 3659 1988 3714 omissis
2026 3665 2089 3714 15
2126 3660 2186 3713 et
2222 3664 2298 3714 16.
2342 3688 2408 3697 ——
2448 3664 2508 3712 17
2543 3658 2564 3709 i
2659 3656 2783 3710 An-

500 3730 779 3794 starcbus,
825 3731 969 3798 πρὸς
1012 3728 1085 3794 *sd
1163 3730 1298 3783 τοὺς
1344 3728 1625 3796 ἀρίςτους,
1672 3702 1741 3783 ob
1787 3746 1828 3781 π
1868 3728 1931 3782 ὸς
1973 3728 2044 3781 τὸ
2089 3730 2305 3794 πλῆθος
2350 3727 2596 3806 ὁ-λόγος
2631 3725 2782 3805 Ar}-

500 3799 836 3864 amnicus,
882 3797 1026 3852 conf.
1073 3746 1254 3851 gohol.
1303 3797 1344 3850 Β
1385 3802 1496 3855 110.
1544 3826 1607 3835 —
1657 3800 1718 3849 18
1754 3796 1823 3863 ἀρ
1846 3811 2079 3863 ςταρχος
2116 3795 2216 3849 ςὺν
2257 3799 2342 3861 τῷ
2391 3811 2419 3849 ς
2464 3794 2530 3872 μέ
2568 3809 2633 3847 ας
2668 3790 2781 3845 Βι-

502 3868 763 3945 dymno,
810 3865 878 3919 cf.
929 3864 1002 3918 ad
1048 3865 1087 3919 Β
1137 3870 1248 3917 111.
1295 3894 1362 3904 -
1407 3870 1469 3918 19
1505 3864 1831 3932 ἀρίςταρχος
1875 3863 1939 3917 ὃς
1983 3864 2131 3939 τότε·
2161 3863 2264 3927 μέν
2308 3877 2398 3927 μοι
2433 3860 2516 3914 D1
2573 3877 2779 3928 ymu8‚

501 3934 599 3988 ahi
631 3937 768 4001 πρὶν
803 3934 869 3986 ut
891 3934 930 3988 Β
961 3938 1074 3986 112.
1112 3968 1180 3977 -
1215 3936 1417 3985 23-25
1452 3933 1789 3986 ἀθετοῦνται
1823 3930 2275 3984 Aristomene.
2315 3931 2468 3996 παρὰ
2491 3929 2780 3997 ζηνοδότῳ

500 4004 604 4056 οὐκ
650 4002 954 4071 ἐφέροντο,
1003 4003 1093 4054 καὶ
1138 3999 1514 4067 ἀριςτοφάνης
1557 4001 1620 4053 δὲ
1662 4000 1851 4065 ἠθέτει
1884 3995 2231 4064 DidymuS.
2284 3996 2556 4051 assserisci:
2596 3997 2782 4062 ὀρθῶς

500 4072 541 4124 Β
583 4075 863 4124 116-118.
898 4098 964 4108 —-
999 4073 1198 4123 23-31
1236 4068 1561 4135 Ζηνόδοτος
1596 4067 1762 4133 ἦρκε,
1804 4067 1914 4132 τὴν
1957 4066 2019 4119 δὲ
2054 4065 2352 4119 ςυνέπειαν
2387 4066 2574 4119 οὕτως
2610 4069 2784 4119 ποιεῖ·

501 4138 774 4205 ,,δυςκλὲα
808 4138 1014 4203 Ἀργος
1060 4136 1264 4190 ἱκέςθαι
1313 4135 1462 4204 [ἐπεὶ
1505 4136 1688 4189 πολὺν
1734 4134 1915 4187 ὤλεςα
1961 4132 2102 4186 λαόν
2115 4132 2153 4201 ·]
2192 4134 2318 4199 ἤτοι
2363 4134 2450 4198 ὅγ’
2486 4134 2564 4186 ὣς
2602 4131 2784 4186 εἰπὼν

502 4206 627 4258 κατ’
662 4206 751 4271 ἄρ’
784 4205 941 4258 ἕζετο
983 4206 1164 4269 θυμὸν
1208 4204 1450 4269 ἀχεύων.
1507 4208 1649 4257 τοῑςι
1682 4201 1732 4255 δ’
1766 4200 2128 4266 ἀνιςτάμενος
2165 4201 2383 4268 μετέφη
2421 4199 2581 4268 (Cod.
2618 4216 2783 4269 προς-

501 4273 636 4337 έφη)
681 4273 952 4337 κρατερὸς
997 4272 1322 4340 Διομήδης“
1369 4268 1934 4323 Aristonicu5.·—
1980 4273 2045 4323 32
2090 4268 2418 4336 ἀρίςταρχος
2470 4270 2558 4323 διὰ
2591 4271 2694 4322 τοῦ
2734 4274 2785 4336 η,

504 4339 815 4404 μαχήςομαι
852 4337 1194 4406 Didymus,
