3144 5006
440 374 566 439 204
1374 377 1817 432 ΙΛΙΑΔΟΕἩ.

614 529 841 609 Τρῶας
885 529 1229 612 ἐυφρανέω
1272 530 1376 596 καὶ
1419 530 1728 611 Τρῳάδας
1771 529 2299 615 ἑλκεςιπέπλους,

609 628 678 694 αἵ
718 631 788 696 τέ
834 652 939 712 μοι
985 631 1325 713 εὐχόμεναι
1367 635 1547 697 θεῖον
1593 630 1893 696 δύςονται
1937 632 2180 708 ἀγῶνα.

609 737 790 812 δῶρα
835 734 891 799 δ’
935 733 1038 810 ἄγ’
1081 732 1409 813 ἀλλήλοιςι
1451 733 1797 810 περικλυτὰ
1843 735 2101 812 δώομεν
2141 734 2359 819 ἄμφω,

440 839 565 897 300
607 832 786 915 ὄφρά
830 855 923 900 τις
970 834 1086 899 ὧδ’
1130 834 1373 919 εἷπῃςιν
1418 833 1692 912 Ἀχαιῶν
1736 854 1805 900 τε
1850 835 2093 913 Τρώων
2136 855 2233 901 τε·

606 934 765 1016 ἠμὲν
810 935 1205 1016 ἐμαρνάςθην
1248 936 1462 1016 ἔριδος
1504 936 1651 1014 πέρι
1696 936 2109 1016 θυμοβόροιο,

551 1108 562 1119 ,
606 1036 707 1115 ἠδ’
748 1036 888 1103 αὖτ’
931 1038 1006 1103 ἑν
1046 1034 1341 1119 φιλότητι
1385 1038 1721 1117 διέτμαγεν
1764 1036 2178 1118 ἀρθμήςαντε.

775 1139 865 1203 ὣς
908 1137 1033 1218 ἄρα
1076 1140 1381 1223 φωνήςας
1426 1141 1593 1203 δῶκε
1639 1137 1826 1219 ξίφος
1869 1139 2280 1219 ἀργυρόήλον

608 1239 720 1304 ςὺν
764 1242 973 1324 κολεῷ
1014 1261 1083 1306 τε
1127 1240 1356 1322 φέρων
1401 1242 1504 1305 καὶ
1548 1239 1837 1325 ἐυτμήτῳ
1881 1245 2228 1321 τελαμῶνι·

439 1344 562 1403 305
607 1339 759 1405 Αἴας
805 1342 877 1406 δὲ
921 1345 1208 1421 Ζωςτῆρα
1251 1343 1436 1407 δίδου
1481 1342 1725 1424 φοίνικι
1768 1342 2060 1424 φαεινόν.

603 1443 695 1506 τὼ
742 1444 814 1508 δὲ
858 1444 1285 1523 διακρινθέντε
1330 1444 1368 1508 ὃ
1415 1444 1531 1522 μὲν
1577 1444 1734 1523 μετὰ
1780 1444 1941 1510 λαὸν
1986 1446 2258 1523 Ἀχαιῶν

604 1542 708 1626 ἤι’,
754 1544 792 1608 ὂ
838 1545 894 1609 δ’
938 1544 1005 1611 ἑς
1050 1544 1296 1623 Τρώων
1340 1544 1589 1624 ὅμαδον
1633 1545 1741 1609 κίε.
1828 1546 1928 1611 τοὶ
1969 1548 2041 1611 δὲ
2086 1547 2389 1626 χάρηςαν,

611 1644 702 1710 ὡς
748 1643 930 1711 εἶδον
973 1645 1146 1714 Ζωόν
1190 1667 1258 1712 τε
1303 1647 1404 1711 καὶ
1447 1644 1721 1731 ἀρτεμέα
1764 1647 2144 1728 προςιόντα,

602 1745 875 1813 Αἴαντος
918 1747 1348 1828 προφυγόντα
1392 1749 1588 1829 μένος
1632 1748 1733 1813 καὶ
1776 1751 1992 1828 χεῖρας
2036 1748 2352 1815 ἀάπτους·

436 1852 579 1911 310·
604 1848 707 1912 καί
753 1847 809 1928 ῥ’
853 1847 1016 1926 ἦγον
1062 1851 1252 1930 προτὶ
1297 1848 1453 1916 ἄςτυ
1497 1849 1919 1916 ἀελπτέοντες
1964 1850 2119 1916 ςόον
2165 1849 2346 1916 εἶναι.

603 1947 820 2014 Αἴαντ’
863 1949 1005 2016 αὖθ’
1048 1950 1362 2030 ἑτέρωθεν
1408 1952 1776 2031 ἐυκνήμιδες
1820 1951 2062 2031 Ἀχαιοὶ

604 2050 693 2116 εἰς
736 2036 1178 2131 Ἀγαμέμνονα
1223 2055 1369 2118 δῖον
1414 2051 1602 2130 ἄγον,
1647 2051 2006 2131 κεχαρηότα
2048 2052 2204 2133 νίκῃ.
2310 2116 2317 2125 ,

774 2154 839 2218 οἳ
882 2154 939 2218 δ’
983 2152 1090 2218 ὅτε
1136 2153 1214 2232 δὴ
1259 2152 1554 2238 κλιςίῃςιν
1601 2153 1672 2218 ἐν
1718 2152 2041 2230 Ἀτρείδαο
2085 2153 2392 2234 γένοντο,

604 2257 760 2319 τοῑςι
806 2255 877 2319 δὲ
925 2259 1080 2334 βοῦν
1122 2254 1405 2334 ἱέρευςεν
1449 2252 1609 2320 ἄναξ
1654 2253 1913 2332 ἀνδρῶν
1944 2253 2371 2333 ,Ἀγαμέμνων

433 2361 556 2417 315
602 2353 840 2433 ἄρςενα
881 2354 1320 2434 πενταέτηρον
1365 2353 1705 2435 ὑπερμενέι
1754 2355 2083 2435 Κρονίωνι.

600 2457 717 2522 τὸν
762 2456 959 2536 δέρον
1004 2454 1166 2537 ἀμφί
1210 2457 1267 2520 θ’
1310 2455 1507 2540 ἕπον,
1550 2456 1653 2522 καί
1696 2477 1801 2538 μιν
1845 2457 2141 2537 διέχευαν
2187 2457 2460 2525 ἅπαντα.

567 2674 634 2734 V.
679 2694 728 2731 τ..
797 2680 897 2730 297
942 2693 976 2729 τ
1013 2680 1130 2731 ῶας
1173 2678 1228 2729 τ’
1273 2675 1330 2735 C.
1384 2677 1687 2745 εὐφρανέω
1734 2674 1944 2732 CGHL.
1996 2677 2291 2745 τρωιάδας“
2316 2676 2385 2736 A.
2436 2676 2715 2745 τρωϊάδας

430 2741 676 2800 ODGHL
713 2743 927 2799 Townl.
1019 2744 1125 2800 rat.
1161 2744 1214 2798 b.
1260 2762 1307 2799 ο.
1352 2746 1786 2802 ἑλκεςιπέπλους
1822 2748 1888 2801 A.
1935 2775 1999 2785 —
2043 2751 2144 2801 298
2179 2746 2240 2801 αἵ
2281 2746 2344 2800 τέ
2379 2762 2471 2811 μοι
2507 2742 2715 2798 CDHL.

409 2846 720 2901 ·δύςςονται
757 2845 823 2899 G.
861 2876 926 2887 —
962 2852 1061 2900 299
1096 2847 1252 2914 δῶρα
1296 2849 1348 2900 δ’
1391 2848 1427 2900 ἅ
1471 2817 1578 2900 ’ἶ
1607 2845 1746 2901 Mor.
1789 2850 1944 2915 δῶρα
1988 2849 2049 2901 δέ
2095 2850 2148 2913 γ’
2181 2846 2335 2905 Harl.
2373 2844 2438 2899 Li
2508 2886 2522 2900 .
2566 2847 2628 2901 δέ
2663 2849 2717 2910 γ’

431 2915 493 2968 et
527 2915 577 2968 δ’
613 2915 703 2980 ἄγ’
739 2913 782 2967 Ε
818 2919 935 2979 682,
978 2920 1055 2969 18.
1092 2915 1183 2980 ἄγ’
1217 2914 1397 2969 omitt.
1430 2864 1482 2967 ¹1⁴)
1524 2920 1568 2968 1.
1607 2931 1756 2969 man.
1792 2915 1860 2972 Η.
1899 2944 1961 2955 -
1998 2923 2098 2969 300
2135 2915 2286 2983 ὄφρά
2320 2931 2406 2970 τις
2493 2911 2595 2968 01..
2629 2915 2715 2968 τίς

430 2980 498 3038 G.
533 2984 743 3051 τρῴων
779 2981 843 3036 G.
884 2984 1121 3050 είπηιςιν
1156 2984 1247 3036 καὶ
1289 2983 1433 3037 αἰῶν
1468 2985 1644 3048 χαλκο
1682 2983 1909 3037 ιτώνων
1943 2981 1992 3035 D
2031 2984 2090 3035 et
2123 2998 2395 3051 suprascr.
2439 2985 2619 3047 χαιῶν
2651 2998 2715 3035 τε

429 3050 638 3118 τρώων
674 3067 754 3107 τε.
798 3081 857 3090 -
895 3056 990 3104 301
1029 3051 1065 3116 ἦ
1114 3051 1217 3117 μὲν
1255 3049 1486 3104 DEGLS
1531 3050 1617 3103 Et.
1647 3000 1770 3120 hg.
1816 3056 1924 3112 141,
1971 3057 2052 3104 31.
2102 3052 2230 3117 περὶ
2266 3048 2436 3104 DGH.
2485 3066 2612 3117 περι
2648 3050 2714 3102 A.

430 3120 764 3185 θυμοβόροιο
801 3119 864 3172 A.
901 3148 960 3157 -—
1001 3123 1102 3172 302
1138 3121 1173 3184 ἢ
1210 3119 1263 3171 δ’
1295 3118 1361 3170 A.
1397 3120 1535 3173 αὖτε
1572 3120 1837 3185 φιλότητι
1874 3115 1931 3174 S.
1969 3119 2069 3185 ἠδὲ
2104 3120 2194 3172 καὶ
2230 3118 2302 3172 αὖ
2337 3117 2603 3184 φιλότητι
2628 3115 2714 3169 Et.

431 3189 695 3305 Mffil,
730 3242 812 3289 31.
856 3236 974 3290 διέτ
1053 3252 1158 3300 γον
1202 3235 1371 3289 Μοεο.
1423 3241 1467 3289 1.
1514 3238 1867 3304 ἀρθμήςαντε
1913 3234 2152 3290 ACEHL
2187 3234 2275 3293 Et.
2310 3234 2421 3304 ΜΕ.
2461 3238 2583 3298 141,
2620 3241 2711 3288 31:

431 3304 816 3370 ἁρθμήςαντες
850 3301 900 3354 D
992 3304 1094 3357 rat.
1133 3302 1184 3356 b.
1222 3304 1565 3369 ἁρμοςθέντε
1603 3303 1652 3358 G
1689 3321 1719 3358 ο
1794 3303 1965 3368 lousa,
2014 3303 2158 3357 conf.
2194 3302 2376 3356 Schol.
2412 3300 2476 3354 B.
2511 3330 2577 3341 —-
2613 3308 2714 3355 303

433 3372 513 3426 ὡς
546 3371 611 3422 A.
646 3372 913 3436 έῢτμὴτω
948 3370 1015 3424 A.
1052 3372 1317 3440 ἐυδμὴτῳ
1356 3370 1415 3425 Ε.
1454 3372 1718 3439 εὺδμήτῳ
1809 3412 1822 3426 .
1859 3401 1925 3411 —-
1961 3376 2062 3426 306
2096 3370 2152 3426 οἱ
2197 3371 2258 3425 δὲ
2304 3370 2713 3438 διακρινθέντες

430 3470 490 3528 Ε.
526 3472 649 3525 διακ
686 3441 868 3526 &zm
906 3469 1101 3525 CGHL
1144 3470 1292 3541 Lips.
1338 3470 1551 3526 Townl.
1596 3473 2010 3538 διακρινθέντες
2055 3470 2423 3541 Pseudopluss.
2477 3476 2584 3536 116,
2633 3475 2712 3524 16.

430 3539 464 3593 δ
501 3540 604 3606 μὲν
684 3579 696 3592 .
733 3567 797 3578 -
833 3544 932 3598 307
969 3541 1058 3606 ἤϊε
1094 3537 1162 3592 D.
1199 3541 1277 3608 ἤι’
1312 3539 1377 3593 G.
1417 3541 1504 3594 ὅδ’
1538 3537 1693 3598 CGL.
1725 3542 1759 3594 ὁ
1794 3541 1855 3595 δὲ
1889 3542 2101 3609 τρώων
2136 3538 2204 3593 Η.
2238 3542 2450 3608 τρῴων
2484 3536 2544 3592 L.
2579 3539 2713 3602 ὁμα-

429 3609 531 3662 δον
567 3603 632 3663 G.
669 3621 695 3656 ιιι
721 3606 781 3660 δὲ
817 3607 1088 3675 χάρηςανε
1132 3606 1263 3661 libri
1308 3609 1359 3662 δ’
1402 3608 1696 3675 ἐχάρηςαν.
1730 3637 1795 3647 -
1831 3615 1931 3663 309
1974 3608 2233 3663 ἀάπτους
2278 3608 2342 3661 A.
2389 3636 2454 3646 —
2489 3613 2588 3661 310
2622 3605 2712 3660 καί

429 3710 507 3830 g:
544 3709 634 3763 καὶ
678 3708 752 3829 Ὦ
791 3706 853 3762 Ε.
907 3708 1220 3795 ἀέλποντες
1267 3706 1333 3765 G.
1393 3709 1733 3794 ἀελπτέοντες
1769 3675 2094 3778 Hesycffs,
2138 3714 2222 3764 54.
2276 3709 2437 3764 ςόονε
2477 3711 2625 3762 ςῶον
2658 3704 2709 3759 D

477 3791 655 3830 arooc.
754 3792 832 3834 ot.
869 3793 1021 3846 ςῳον
1054 3777 1119 3831 G.
1163 3806 1220 3815 -
1258 3781 1353 3831 311
1393 3779 1722 3846 ευκνήμιδες
1746 3774 1909 3831 DGL.
1944 3808 2011 3818 --
2048 3782 2147 3830 312
2183 3777 2343 3842 ἄγων
2366 3774 2436 3828 D.
2473 3774 2615 3839 ἆγον
2640 3770 2707 3827 G.

430 3845 773 3912 κεχαρηόταε
811 3846 1140 3913 κεκαφηότα
1186 3843 1271 3898 Et.
1320 3843 1433 3914 Mg.
1479 3850 1597 3910 492,
1632 3850 1665 3899 8
1711 3843 1940 3901 diserte.
1988 3874 2049 3884 —
2095 3851 2194 3899 313
2230 3844 2339 3899 οἵδ’
2373 3841 2476 3898 CL.
2511 3872 2578 3882 --
2611 3847 2711 3897 315

428 3947 732 4051 ὑπεξίμενέῖ
767 3946 826 4001 C.
860 3975 929 3988 —
963 3951 1063 4002 316
1096 3945 1240 4013 ἀμφὶ
1274 3947 1324 3999 δ’
1348 3944 1531 4000 Schol.
1556 3962 1596 4013 μ
1619 3950 1734 3999 209.
1769 3925 2024 4012 διέχευῧν
2047 3946 2115 4012 A,
2153 3945 2297 4000 conf.
2322 3962 2356 3998 τ
2378 3949 2499 4010 421,
2539 3945 2572 3999 Γ
2595 3947 2710 3998 270.

562 4165 630 4222 A.
668 4183 716 4219 ο.
790 4173 888 4221 298
923 4167 1210 4222 δύςονταιε
1245 4167 1329 4234 γ’ρ.
1364 4167 1425 4221 δὲ
1460 4169 1551 4221 καὶ
1587 4167 1847 4229 θύονται,
1884 4166 1962 4219 ὡς
1999 4166 2342 4244 Ἡρωδιανὸς
2387 4164 2571 4220 Schol.
2608 4162 2713 4218 BL.

429 4234 989 4364 ἆοῗθιίοξῐίιὶὲμὸὴῖὲιὲἰ.
1015 4233 1473 4366 (Ιὶρὲςδῖαρῆοςῖὃδὶιὰ
1515 4239 1622 4289 τοθ
1670 4240 1719 4287 3?
1764 4235 2051 4300 ἐῦκμήτωι
2096 4232 2442 4301 Dldymus.
2492 4262 2562 4273 —
2612 4237 2712 4287 310
