3144 5006
466 369 592 434 234
1391 370 1724 427 ΙΛΙΑΔΟΕ
1772 372 1835 426 Θ.

806 525 896 589 ὣς
940 524 1147 607 ἔφαθ’,
1193 526 1261 590 αἳ
1304 526 1361 591 δ’
1405 525 1720 606 ἐπέμυξαν
1766 523 2059 605 Ἀθηναίη
2104 544 2171 589 τε
2217 524 2321 589 καὶ
2362 525 2556 605 Ἥρη·

636 625 889 706 πληςίαι
932 627 1000 692 αἵ
1041 628 1100 704 γ’
1142 627 1368 706 ἥςθην,
1415 626 1574 692 κακὰ
1617 629 1689 691 δὲ
1732 625 2007 705 Τρώεςςι
2050 627 2371 706 μεδέςθην.

635 728 674 808 ἦ
719 748 819 793 τοι
864 728 1156 809 Ἀθηναίη
1200 726 1407 793 ἀκέων
1451 726 1532 807 ἦν
1579 727 1734 793 οὐδέ
1778 748 1836 793 τι
1880 726 2055 810 εἶπε,

469 833 594 894 460
636 830 981 911 ςκυζομένη
1027 830 1137 895 Διὶ
1180 828 1400 911 πατρί,
1444 828 1642 908 χόλος
1688 830 1760 894 δέ
1804 850 1908 910 μιν
1953 828 2176 909 ἄργιος
2220 832 2390 914 ᾔρει·

636 933 802 1017 Ἥρῃ
847 931 904 995 δ’
949 931 1066 996 οὐκ
1109 930 1298 1010 ἔχαδε
1344 933 1569 1009 ςτῆθος
1613 931 1848 1014 χόλον,
1896 930 2062 996 ἀλλὰ
2106 932 2463 1012 προςηύδα·

807 1032 1101 1098 αἰνότατε
1149 1032 1449 1116 Κρονίδη,
1495 1036 1694 1099 ποῖον
1740 1034 1856 1099 τὸν
1900 1036 2103 1111 μῦθον
2148 1034 2374 1100 ἔειπες.

634 1133 709 1199 εὗ
752 1156 833 1200 νυ
877 1134 976 1198 καὶ
1019 1133 1198 1213 ἡμεῖς
1241 1133 1453 1218 ἴδμεν,
1499 1135 1537 1201 ὅ
1581 1155 1682 1200 τοι
1728 1135 1950 1202 ςθὲνος
1995 1134 2113 1199 οὐκ
2157 1134 2566 1203 ἀλαπαδνόν·

635 1234 775 1313 ἀλλ’
817 1235 1041 1318 ἔμπης·
1063 1237 1351 1302 Δαναῶν
1397 1236 1837 1318 ὀλοφυρόμεθ’
1880 1236 2268 1321 αἰχμητάων,
2580 1256 2583 1259 ·

466 1342 588 1400 465
636 1337 703 1403 οἵ
744 1357 853 1402 κεν
899 1340 976 1417 δὴ
1023 1339 1218 1404 κακὸν
1265 1336 1448 1403 οἰτον
1494 1338 1975 1417 ἀναπλήςαντες
2020 1339 2322 1405 ὄλωνται.

639 1432 804 1521 [ἀλλ’
854 1437 891 1517 ἦ
936 1459 1036 1504 τοι
1080 1440 1370 1519 πολέμου
1415 1439 1529 1517 μὲν
1575 1438 1939 1524 ἀφεξόμεθ’,
1983 1439 2037 1505 εἰ
2080 1442 2155 1505 ςὺ
2200 1440 2506 1507 κελεύεις·

636 1542 876 1621 βουλὴν
922 1541 978 1605 δ’
1022 1541 1324 1619 Ἀργείοις
1363 1542 1806 1626 ὑποθηςόμεθ’,
1849 1541 1888 1620 ἥ
1932 1561 2024 1607 τις
2069 1542 2303 1624 ὀνήςει,

638 1642 729 1708 ὡς
771 1644 852 1721 μὴ
898 1643 1134 1708 πάντες
1177 1642 1458 1709 ὄλωνται
1503 1641 1964 1723 ὀδυςςαμένοιο
2007 1645 2228 1727 τεοῖο.]
2450 1720 2453 1723 ‚

805 1745 922 1822 τὴν
969 1745 1025 1807 δ’
1069 1742 1582 1825 ἀπαμειβόμενος
1626 1745 1919 1827 προςέφη
1965 1747 2441 1827 νεφεληγερέτα
2482 1745 2674 1811 Ζεύς·

467 1850 593 1909 470
637 1847 795 1924 ἠοῦς
841 1849 918 1926 δὴ
964 1845 1064 1911 καὶ
1107 1848 1355 1929 μᾶλλον
1400 1847 1759 1926 ὑπερμενέα
1805 1846 2141 1926 Κρονίωνα

513 1988 529 2004 ·
636 1948 864 2031 ὄψεαι,
909 1947 977 2012 αἴ
1018 1948 1074 2012 κ’
1118 1948 1453 2032 ἐθέλῃςθα,
1501 1952 1742 2028 βοῶπις
1786 1949 2019 2013 πότνια
2061 1948 2246 2031 Ἥρη,

636 2050 895 2116 ὀλλύντ’
940 2049 1244 2128 Ἀργείων
1288 2050 1539 2115 πουλὺν
1586 2049 1854 2128 ςτρατὸν
1900 2048 2297 2129 αἰχμητάων·

637 2151 716 2217 ού
760 2151 883 2231 γὰρ
927 2153 1078 2232 πρὶν
1123 2150 1414 2235 πολέμου
1460 2149 1896 2215 ἀποπαύςεται
1940 2149 2204 2231 ὄβριμος
2247 2152 2510 2233 Ἕκτωρ,

634 2253 785 2332 πρὶν
829 2251 1016 2332 ὄρθαι
1059 2253 1235 2331 παρὰ
1276 2254 1476 2333 ναῦφι
1520 2252 1823 2316 ποδώκεα
1862 2251 2206 2331 Πηλείωνα

467 2359 590 2417 475
634 2355 820 2434 ἤματι
864 2360 954 2436 τῷ
968 2402 987 2436 ,
1031 2353 1125 2418 ὅτ’
1171 2353 1250 2418 ἂν
1298 2354 1362 2419 οἳ
1405 2355 1521 2434 μὲν
1566 2352 1672 2418 ἐπὶ
1716 2360 2027 2438 πρυμνῇςι
2071 2355 2417 2437 μάχωνται,

637 2455 858 2521 ςτείνει
904 2455 975 2522 ἐν
1020 2455 1368 2541 αἰνοτάτῳ,
1413 2455 1560 2536 περὶ
1602 2454 2009 2535 Πατρόκλοιο
2054 2455 2390 2524 θανόντος.

636 2559 724 2621 ὣς
767 2560 891 2637 γὰρ
935 2557 1254 2639 θέςφατόν
1298 2558 1453 2623 ἐςτι·
1503 2558 1681 2623 ςέθεν
1728 2559 1784 2621 δ’
1827 2559 1956 2635 ἐγὼ
2002 2561 2121 2625 οὐκ
2164 2557 2436 2636 ἀλεγίζω

637 2661 1002 2741 χωομένης,
1048 2659 1188 2725 οὐδ’
1231 2658 1290 2724 εἴ
1332 2680 1401 2725 κε
1444 2660 1525 2725 τὰ
1569 2658 1789 2725 νείατα
1831 2660 2078 2740 πείραθ’
2118 2659 2287 2742 ’ίκηαι

636 2761 817 2843 γαίης
860 2762 979 2827 καὶ·
1005 2760 1310 2846 πόντοιο,
1351 2760 1437 2828 ἵν’
1482 2762 1758 2828 Ἰαπετός
1802 2783 1869 2828 τε
1918 2761 2161 2842 Κρόνος
2204 2783 2271 2827 τε

469 2869 597 2929 480
641 2863 862 2944 ἥμενοι
905 2863 1041 2929 οὔτ’
1084 2864 1286 2950 αὐγῇς
1328 2863 1713 2943 Ὑπερίονος
1757 2863 2000 2943 ἠελίοιο

605 3084 674 3138 V.
711 3103 761 3136 t..
823 3089 922 3138 457
960 3084 1039 3137 ὠς
1062 3083 1128 3135 A.
1168 3083 1277 3137 αἵδ’
1299 3081 1455 3137 CDL.
1489 3084 1554 3137 τὲ
1590 3084 1679 3135 καί
1712 3083 1776 3136 A.
1821 3112 1881 3122 -
1917 3087 2019 3138 458
2054 3083 2235 3138 o'mitt.
2273 3084 2314 3138 C
2354 3090 2398 3137 1.
2435 3100 2581 3139 man.
2607 3083 2669 3136 Li
2711 3101 2751 3137 s.

469 3154 647 3219 ἤςθην
683 3150 750 3204 D.
790 3154 1020 3218 τρὼεςςι
1058 3149 1117 3204 L.
1151 3180 1218 3189 —-
1253 3155 1353 3204 459
1389 3153 1517 3216 ἤτοι
1560 3150 1782 3204 ἀκέους’
1826 3154 1898 3218 ἦν
1941 3151 2182 3219 ἀθηναίη
2217 3150 2285 3205 Η.
2324 3152 2450 3206 εἶπε
2488 3150 2675 3206 ACEG
2736 3191 2749 3205 .

467 3249 532 3259 -
568 3224 665 3271 461
714 3219 784 3273 οὐ
829 3207 1026 3285 κέχαδε
1073 3217 1224 3270 Euat.
1271 3223 1399 3282 723,
1444 3223 1536 3282 46,
1585 3217 1685 3271 sed
1731 3224 1855 3284 723,
1901 3225 1968 3273 39
2014 3220 2118 3274 οὐκ
2163 3221 2325 3286 ἔχαδε
2400 3219 2544 3272 conf.
2581 3221 2633 3273 Δ
2668 3224 2751 3271 24.

471 3288 756 3354 προςηῠδα
791 3285 856 3339 D.
891 3315 958 3325 —
991 3290 1092 3338 463
1139 3288 1171 3340 δ
1215 3302 1328 3339 τοιε
1367 3287 1455 3340 ὅτι
1502 3284 1558 3337 L.
1605 3286 1962 3341 ἀλαπαδνόν;
2000 3287 2280 3341 ἐπιεικτόν
2326 3262 2618 3339 ῥΒΕΘΒΒ.
2663 3302 2748 3352 γρ.

470 3357 574 3408 οὐκ
612 3355 896 3409 ἐπιεικτὸν
931 3355 995 3406 Α.
1041 3388 1105 3397 -
1149 3358 1250 3406 465
1325 3354 1416 3407 ost
1453 3353 1603 3407 huno
1651 3351 1700 3406 G
1734 3354 1957 3408 Barocc.
2003 3356 2209 3421 ἀνδρὸς
2244 3355 2371 3407 ἑνὸς
2407 3356 2568 3420 ῥιπῇ·
2620 3356 2654 3407 ό
2689 3354 2752 3408 δὲ

471 3423 725 3488 μαίνεται
770 3422 904 3475 οὐκέ
1113 3422 1240 3488 οὐκ)
1283 3370 1561 3488 ὄνεκτῶς,
1608 3420 1706 3489 qui
1749 3420 1803 3476 le
1850 3421 1959 3475 ‘tur
1994 3428 2109 3477 355.
2156 3451 2219 3461 -—
2265 3426 2534 3474 466-468
2569 3421 2751 3474 omitt.

470 3487 614 3543 ACD
655 3496 699 3542 1.
736 3505 883 3543 man.
907 3420 1076 3542 {ABG
1095 3485 1242 3557 Lips.
1277 3488 1504 3542 -TownL
1546 3495 1590 3542 1.
1638 3505 1786 3543 man.
1878 3490 1982 3543 rat.
2030 3489 2109 3546 b.:
2147 3488 2361 3542 habent
2394 3487 2443 3540 D
2479 3488 2538 3540 in
2574 3505 2629 3540 m
2739 3531 2749 3542 .

471 3574 618 3610 man.
655 3573 762 3611 rec.
802 3555 918 3610 GH.
958 3588 1016 3596 —
1055 3561 1155 3610 466
1192 3557 1270 3610 ὡς
1308 3559 1371 3610 ςὺ
1410 3559 1655 3612 κελεύεις
1691 3556 1844 3610 Harl.
1891 3588 1951 3596 -
2000 3561 2102 3609 470
2137 3558 2272 3623 ήοῡς
2310 3557 2412 3618 μὲν
2446 3557 2515 3622 δὴ
2555 3504 2747 3609 καὶωέ.

473 3655 534 3664 ——
574 3630 668 3679 471
717 3641 780 3679 κε
825 3626 1065 3693 θέληςθα
1108 3622 1175 3678 Η.
1232 3625 1296 3678 ἐν
1341 3626 1498 3694 ἄλλω
1543 3627 1617 3691 ἢν
1663 3625 1950 3692 ἐθέληιςθα
1995 3625 2069 3689 A,
2107 3624 2252 3677 conf.
2295 3626 2307 3678 Ι
2345 3628 2463 3679 359.
2512 3626 2749 3689 βοῶπις;

472 3698 653 3761 βοῶπι
697 3691 777 3747 CS
825 3691 889 3746 Li
931 3710 972 3746 e.
1017 3692 1231 3746 Townl.
1281 3691 1436 3746 Vrat.
1483 3691 1536 3745 b.
1582 3708 1693 3746 non
1738 3692 1902 3746 male.
1956 3722 2021 3729 —
2072 3698 2170 3745 472
2217 3692 2401 3744 πολὺν
2448 3691 2504 3748 C.
2553 3722 2615 3729 —
2653 3697 2752 3744 473

473 3765 738 3829 ὄμβριμος
775 3760 867 3815 CD
953 3759 1092 3817 Mor.
1128 3759 1353 3814 Barooc.
1390 3790 1455 3798 —
1490 3766 1591 3814 474
1627 3761 1658 3813 ὁ
1697 3764 1786 3814 θαι
1822 3757 1916 3813 AE
1952 3759 2166 3815 Townl.
2204 3757 2358 3811 Vrat.
2397 3760 2463 3812 A.
2511 3758 2597 3811 Et.
2636 3757 2693 3811 M
2739 3799 2751 3811 .

472 3837 588 3894 631,
625 3835 673 3885 5.
712 3828 904 3882 Zonar.
942 3829 1072 3886 Lex.
1112 3834 1259 3883 1470.
1297 3829 1472 3895 ὧρθαι
1499 3826 1644 3882 CDG
1702 3826 1754 3881 S.
1792 3828 1946 3894 ὄρςαι
1978 3825 2040 3880 L.
2077 3857 2139 3865 -
2177 3831 2277 3878 475
2311 3828 2453 3879 ὅταν
2490 3775 2749 3880 CDGHfi.

472 3899 525 3952 οἲ
560 3900 663 3963 μὲν
700 3899 758 3953 C.
804 3899 922 3953 ὲπίι
963 3897 1115 3964 παρὰ
1160 3895 1248 3950 D.·
1273 3898 1564 4016 npffipvotct
1609 3894 1672 3948 S:
1711 3895 1885 3972 ceQeri
1930 3895 2222 3962 πρύμνῃςι.
2269 3923 2333 3931 -
2380 3899 2479 3948 476
2517 3910 2646 3961 περι
2682 3895 2750 3948 A.

472 3967 749 4021 θανόντος
786 3964 1039 4020 ADGHL
1072 3963 1299 4017 Bal-occ.
1395 3979 1475 4017 or.
1511 3962 1668 4016 Vrat.
1702 3962 1757 4016 b.
1794 3979 1850 4015 m
1888 3979 2061 4032 marg.
2099 3962 2373 4017 πεςόντος
2400 3960 2496 4016 CS.
2534 3979 2618 4030 γρ.
2654 3980 2753 4017 πε-

473 4034 673 4089 ςόντος
707 4034 774 4087 A.
810 4063 874 4073 —
909 4039 1008 4088 477
1046 4033 1126 4087 ὠς
1161 4032 1224 4084 A.
1261 4062 1322 4069 —
1362 4037 1462 4086 478
1494 4031 1662 4086 ἵκοιαι
1689 4029 1753 4085 G.
1793 4061 1848 4069 —
1891 4035 1991 4084 480
2025 4030 2223 4095 αὐγαῖς
2248 4030 2567 4098 ὑπερήονος
2603 4030 2661 4085 L.
2686 4076 2703 4088 .

610 4236 674 4293 A.
711 4255 759 4288 c.
812 4241 1083 4291 463-465
1118 4234 1392 4290 asterisci:
1429 4238 1618 4289 κακῶς
1654 4240 1873 4290 32-34.
1915 4263 1978 4273 -
2028 4240 2129 4289 470
2166 4235 2327 4302 ἠοῠςε
2366 4235 2469 4290 ᾰας
2507 4234 2753 4290 Zenodo-

477 4303 583 4355 tus,
619 4332 676 4343 -
717 4308 835 4368 475,
872 4309 972 4359 476
1008 4304 1345 4359 ἀθετοῦνται
1379 4303 1553 4371 ςτίχοι
1588 4303 1690 4358 δύο
1725 4300 2177 4358 Aristonicus,
