3144 5006
1344 407 1678 464 ΙΛΙΑΔΟ(
1729 405 1795 463 V.
2058 466 2064 471 ,
2292 368 2307 389 ⁶
2586 348 2702 471 15}
2820 456 2829 463 ·

593 566 709 630 τὸν
758 566 830 630 δὲ
872 564 1008 629 κατ’
1050 562 1410 646 ὀφθαλμῶν
1457 561 1758 643 ἐρεβεννὴ
1803 562 1918 631 νὺξ
1964 561 2270 642 ἐκάλυψε.

418 672 549 730 660
591 666 1011 755 Τληπόλεμος
1055 666 1112 730 δ’
1155 664 1282 746 ἄρα
1324 665 1530 745 μηρὸν
1576 663 1909 744 ἀριςτερὸν
1956 663 2131 743 ἔγχεϊ
2174 671 2394 748 μακρῷ

595 769 946 849 βεβλήκειν,
993 767 1181 848 αἰχμὴ
1228 768 1299 833 δὲ
1346 768 1625 833 διέςςυτο
1672 766 2046 848 μαιμώωςα,

597 869 800 952 ὀςτέψ
846 869 1332 952 ἐγχριμφθεῑςα,
1375 870 1587 949 πατὴρ
1632 869 1689 933 δ’
1730 867 1824 933 ἔτι
1868 862 2093 945 λοιγὸν
2136 868 2395 949 ἄμυνεν.

761 972 826 1035 οἳ
869 972 983 1050 μὲν
1029 969 1130 1050 ἄρ’
1173 972 1472 1037 ἀντίθεον
1518 969 1900 1049 (αρπηδόνα
1944 973 2070 1035 δῖοι
2115 971 2352 1050 ἑταῖροι

449 1138 458 1153 ,
590 1073 902 1154 ἐξέφερον
946 1073 1299 1153 πολέμοιο·
1346 1073 1583 1154 βάρυνε
1630 1072 1701 1136 δέ
1747 1092 1850 1151 μιν
1898 1071 2057 1151 δόρυ
2100 1073 2344 1152 μακρὸν

398 1181 543 1238 «665
589 1174 955 1254 ἑλκόμενον.
1042 1176 1118 1240 τὸ
1164 1176 1279 1254 μὲν
1324 1173 1406 1239 οὔ
1450 1194 1541 1238 τις
1585 1173 1985 1253 ἐπεφράςατ’
2029 1173 2184 1239 οὐδὲ
2228 1174 2453 1258 νόηςε,

587 1281 791 1356 μηροῦ
836 1274 1118 1356 ἐξερύςαι
1162 1277 1322 1354 δόρυ
1366 1275 1679 1356 μείλινον,
1727 1250 1887 1355 ὄφρ’
1924 1275 2198 1358 ἐπιβαίη,

590 1377 1037 1444 ςπευδόντων·
1081 1381 1264 1444 τοῖον
1308 1378 1432 1457 γὰρ
1477 1377 1634 1457 ἔχον
1680 1378 1891 1443 πόνον
1937 1376 2389 1459 ἀμφιέποντες.

756 1480 1176 1559 Τληπόλεμον
1220 1480 1278 1544 δ’
1320 1480 1634 1558 ἑτέρωθεν
1681 1479 2048 1559 ἐυκνήμιδες
2092 1480 2336 1558 Ἀχαιοὶ

594 1581 904 1661 ἐξέφερον
951 1582 1295 1662 πολέμοιο·
1342 1581 1532 1661 νόηςε
1579 1581 1650 1646 δὲ
1697 1583 1834 1646 δῖος
1880 1581 2214 1646 Ὀδυςςεὺς

413 1689 542 1746 670
585 1684 869 1761 τλήμονα
913 1683 1115 1761 θυμὸν
1161 1683 1362 1763 ἔχων,
1409 1681 1670 1762 μαίμηςε
1717 1683 1789 1746 δέ
1834 1681 1898 1747 οἱ
1942 1682 2141 1761 φίλον
2184 1682 2372 1762 ἦτορ·

583 1784 914 1864 μερμήριξε
960 1786 1016 1849 δ’
1059 1784 1278 1850 ἔπειτα
1324 1786 1482 1849 κατὰ
1526 1785 1740 1864 φρένα
1781 1783 1882 1847 καὶ
1926 1784 2084 1849 κατὰ
2127 1785 2330 1863 θυμὸν

583 1887 622 1964 ἢ
666 1887 963 1966 προτέρω
1007 1888 1173 1951 Διὸς
1218 1885 1360 1952 υἱὸν
1403 1885 1821 1965 ἐριγδούποιο
1867 1887 2115 1962 διώκοι,

583 1987 622 2065 ἦ
668 1986 706 2051 ὅ
750 2008 825 2063 γε
870 1992 1002 2053 τῶν
1046 1987 1346 2054 πλεόνων
1390 1986 1640 2053 Λυκίων
1685 1986 1819 2052 ἀπὸ
1863 1987 2066 2066 θυμὸν
2111 1987 2342 2052 ἕλοιτο.

585 2088 722 2155 οὐδ’
766 2088 869 2169 ἄρ’
914 2090 1201 2167 Ὀδυςςῆι
1245 2090 1630 2168 μεγαλήτορι
1672 2088 1977 2168 μόρςιμον
2022 2088 2138 2168 ἦεν

409 2196 535 2255 675
581 2190 845 2271 ἴφθιμον
892 2190 1055 2255 Διὸς
1100 2190 1241 2257 υἱὸν
1287 2190 1657 2270 ἀποκτάμεν
1702 2189 1832 2257 ὀξέι
1877 2192 2125 2275 χαλκῷ·

580 2296 673 2357 τῶ
719 2292 801 2372 ῥα
843 2294 1003 2358 κατὰ
1046 2293 1294 2387 πληθὺν
1340 2292 1589 2358 Λυκίων
1632 2292 1836 2372 τράπε
1881 2292 2083 2373 θυμὸν
2129 2294 2376 2374 Ἀθήνη.

581 2394 714 2460 ἔνθ’
758 2394 797 2458 ὅ
840 2415 913 2471 γε
963 2394 1277 2474 Κοίρανον
1322 2392 1494 2460 εἶλεν
1539 2395 1893 2474 Ἀλάςτορά
1935 2415 2002 2459 τε
2051 2396 2334 2475 Χρομίον
2377 2416 2446 2461 τε

577 2496 974 2576 Ἄλκανδρόν
1018 2497 1075 2560 θ>
1117 2495 1341 2563 Ἅλιόν
1385 2517 1453 2562 τε
1502 2497 1809 2576 Νοήμονά
1850 2518 1921 2563 τε
1961 2497 2290 2577 Πρύτανίν
2333 2519 2421 2563 τε.

579 2599 679 2663 καί
724 2600 803 2665 νύ
849 2599 903 2662 κ’
947 2598 1039 2664 ἔτι
1085 2599 1367 2664 πλέονας
1411 2599 1661 2665 Λυκίων
1706 2598 1895 2665 κτάνε
1940 2602 2078 2665 δῖος
2124 2600 2488 2679 Ὀδυςςεύς,

408 2705 535 2765 680
581 2700 635 2764 εἰ
680 2701 759 2778 μὴ
806 2699 908 2780 ἄρ’
952 2699 1066 2766 ὀξὺ
1111 2699 1300 2779 νόηςε
1345 2701 1540 2779 μέγας
1587 2702 2010 2781 κορυθαίολος
2052 2695 2320 2780 Ἕκτωρ.

541 2935 610 2990 V.
661 2955 710 2989 t..
788 2940 889 2990 659
934 2936 1181 3003 ἐκάλυψε
1234 2934 1609 2991 CEGHMNO.
1663 2966 1728 2975 —-
1781 2940 1880 2990 661
1926 2937 2183 3003 βεβλήκει
2231 2933 2697 2992 CDGHLMNOS‘.

404 3015 751 3105 βεβλήκεῗᾼ
822 3054 854 3090 ν
898 3041 945 3091 2.
990 3053 1139 3092 man.
1187 3037 1356 3106 add).
1399 3067 1466 3077 —-
1511 3042 1611 3091 662
1657 3039 1685 3093 ἑ
1793 3055 1849 3102 ιμ
1901 3042 2053 3093 θεῑςα
2100 3035 2474 3092 ACGHLNO:
2523 3037 2697 3106 ἐγχρι-

403 3110 608 3174 φθεῑςα
643 3103 753 3158 ΒΜ
842 3105 946 3158 rat.
980 3104 1035 3158 b.
1071 3122 1118 3159 c.
1151 3104 1322 3160 Mose.
1360 3111 1409 3160 3.
1453 3106 1589 3159 δ’ἔτι
1623 3106 1673 3158 Α
1977 3105 2022 3160 Ο
2059 3103 2206 3175 Lips.
2242 3105 2413 3164 Mose.
2453 3113 2499 3159 l.
2539 3111 2587 3162 2.
2634 3107 2696 3161 δέ

401 3192 460 3228 τι
483 3172 643 3228 DGS.
680 3174 741 3227 δέ
763 3189 827 3227 τε
847 3171 1003 3228 Vrat.
1028 3189 1077 3227 a.
1113 3174 1289 3240 ἄμυνε
1309 3171 1378 3226 D.
1416 3175 1645 3240 ἄμεινεν
1665 3173 1731 3228 G.
1760 3204 1815 3212 —
1847 3179 1946 3229 663
1969 3174 2025 3229 οἳ
2050 3175 2151 3240 μὲν
2176 3172 2235 3228 C.
2273 3174 2342 3241 ἂρ
2366 3171 2695 3228 DGLMNO.

402 3245 475 3311 ἀρ
510 3242 576 3293 A.
615 3271 681 3280 -
717 3246 818 3294 664
854 3257 962 3305 μακ
1085 3240 1238 3295 Harl.
1277 3271 1338 3281 -
1376 3246 1477 3330 666
1513 3241 1889 3310 ἑπεφράςςατ’
1921 3241 2038 3296 NO.
2073 3242 2207 3297 οὐδὲ
2241 3243 2446 3309 νόηςεν
2479 3240 2540 3295 L.
2576 3242 2698 3297 οὐδ’

401 3306 1043 3444 ἓξὲᾏξῑαξὶῗῖἔῗὲἓὲῃ.
1062 3308 1300 3432 Ἰῗὲἕ
1315 3310 1763 3444 δὲὐίιέὲξᾶίεόῑ
1802 3340 1865 3417 ἶ
1909 3314 2012 3432 ἓξὲξ
2043 3307 2696 3447 έέρξἓὲῃοθῖιιηῑέἓῗ

403 3481 468 3490 --
504 3449 604 3499 671
643 3443 938 3512 μερμήριζε
974 3443 1017 3496 L
1052 3443 1208 3498 Vraf..
1245 3444 1297 3497 b.
1333 3475 1400 3484 -
1435 3450 1535 3499 672
1569 3447 1633 3513 fl:
1670 3446 1707 3513 ἦ
1734 3444 1794 3500 L.
1832 3447 2117 3513 προτέρωι
2142 3449 2205 3500 A.
2243 3446 2598 3513 ἐριγδούποιο
2623 3447 2692 3501 A.

400 3564 592 3618 διώκει
628 3561 686 3615 Μ
720 3559 787 3614 Li
828 3577 870 3615 s.
913 3567 957 3614 1.
993 3576 1141 3615 man.
1187 3591 1254 3601 -
1299 3566 1398 3617 673
1442 3563 1479 3630 ἦ
1516 3563 1596 3616 A:
1643 3563 1819 3617 ceteri
1863 3565 1917 3630 ἢ.
1970 3563 2085 3618 ἀπο
2130 3562 2347 3621 ΑΟΒΗ.
2385 3595 2452 3604 -—
2487 3570 2589 3620 674
2623 3565 2692 3632 ἂρ

402 3628 733 3686 DGLMNO.
817 3646 848 3696 ρ
886 3630 950 3682 A.
985 3659 1049 3668 —
1087 3634 1187 3683 676
1221 3629 1570 3695 ἀποκτάμεν’
1603 3630 1718 3685 LN.
1755 3662 1822 3671 -
1856 3635 1957 3687 676
1989 3637 2077 3686 τῶ
2105 3629 2482 3687 ACDGMNO.
2518 3649 2604 3687 τω
2628 3631 2687 3688 L.

399 3704 486 3767 τῷ
515 3698 584 3752 Η.
621 3699 692 3765 ῥὰ
711 3695 929 3751 CLMN.
965 3713 1109 3751 κατα
1134 3695 1203 3751 D.
1229 3700 1400 3766 τρέπε
1420 3697 1463 3751 L
1480 3697 1649 3753 Mose.
1670 3704 1719 3752 2.
1745 3734 1810 3744 -
1835 3705 1934 3754 677
1959 3699 2191 3767 χρομίον
2208 3716 2273 3754 τε
2292 3698 2417 3757 AD:
2455 3701 2692 3768 χρόμϊόν

400 3799 465 3838 τε
504 3779 922 3836 CEGHLMNO.
961 3811 1023 3820 —
1060 3786 1159 3836 678
1193 3783 1247 3835 τ’
1282 3767 1444 3838 &affl
1479 3781 1537 3837 L.
1572 3768 1736 3838 m&
1760 3782 1832 3838 H.
1872 3768 2132 3852 πρίτῖἶῦίν
2168 3783 2225 3836 L.
2266 3814 2331 3823 —
2365 3788 2465 3840 679
2501 3784 2687 3840 πλείο-

401 3867 501 3904 νας
538 3848 608 3903 N.
656 3853 827 3904 κτᾶνε
864 3847 932 3902 D.
970 3880 1040 3889 —-
1073 3855 1172 3904 680
1207 3851 1277 3918 ἂρ
1312 3849 1596 3905 DGMNO.
1644 3853 1713 3920 ἀρ
1749 3852 1815 3904 Α.

443 3993 512 3998 --
719 3989 806 3996 0--a-

539 4070 603 4121 A.
644 4087 690 4122 c.
742 4074 842 4124 661
878 4071 914 4124 ἁ
951 4070 1204 4137 ίςταρχος
1242 4074 1380 4137 μετὰ
1407 4077 1511 4126 τοῦ
1551 4079 1599 4125 ’ν’
1635 4072 1926 4139 βεβλήκειν
1951 4070 2309 4140 Didymus,
2346 4073 2487 4127 conf.
2526 4071 2596 4130 H.
2623 4072 2687 4126 Τ.

405 4143 500 4192 194
535 4154 616 4206 sq.
650 4137 854 4195 Annal.
940 4155 1091 4206 ymn.
1128 4139 1315 4197 Austr.
1357 4145 1512 4205 1871,
1643 4185 1654 4198 .
1690 4145 1808 4194 499.
1846 4175 1911 4184 —
1946 4144 2047 4194 665
2082 4141 2151 4193 τὸ
2237 4141 2323 4193 ἑνε
2362 4141 2427 4195 ἔν
2468 4157 2574 4197 τιςι
2616 4142 2686 4195 τό

397 4207 452 4262 oi
488 4207 647 4261 οὔτις
682 4204 866 4259 ΒοΙιΟΙ.
908 4207 973 4259 Α.
1012 4208 1074 4260 ἔν
1109 4209 1319 4284 ‘net-*rb
1354 4225 1445 4263 τοι
1479 4158 1662 4266 Scffgl.
1699 4206 1759 4266 L.
1795 4236 1860 4247 -
1895 4213 1994 4263 672
2031 4224 2179 4274 προτ
2209 4225 2293 4295 ρῳ
2330 4208 2474 4262 conf.
2510 4207 2583 4263 Η.
2618 4209 2686 4264 U.

401 4279 519 4329 186.
554 4303 623 4313 -
658 4279 761 4327 678
793 4275 989 4328 Ἅλιον
1024 4273 1403 4330 Herodmnus:
1449 4278 1601 4331 τινὲς
1646 4278 1707 4331 δὲ
1745 4279 1835 4331 καὶ
1869 4277 1940 4331 τὸ
1975 4277 2166 4332 Ἅλιος
2210 4293 2404 4346 κυριον
2439 4279 2686 4333 ἐνταῦθα

399 4342 778 4409 παροξύνουςι
810 4340 966 4395 Eunt.
1003 4347 1118 4409 593,
1157 4349 1240 4398 34.
1928 4393 1937 4400 .
