3144 5006
1291 352 1626 408 ιΛιΑΔος
1671 350 1793 408 xn.
2558 356 2679 422 341

435 510 520 571 40
560 506 764 586 αὐτὰρ
810 505 849 570 ὅ
892 505 953 584 γ’
996 505 1087 572 ὡς
1128 507 1205 573 τὸ
1249 504 1527 585 πρόςθεν
1572 506 1894 589 ἐμάρνατο
1937 506 2078 575 ῑςος
2122 508 2339 593 ἀέλλῃ.

563 608 655 674 ὡς
698 609 756 673 δ’
800 606 896 673 ὅτ’
939 608 1021 676 ἂν
1064 608 1137 676 ἔν
1179 628 1248 674 τε
1294 608 1536 674 κύνεςςι
1581 610 1686 675 καὶ
1728 610 1991 689 ἀνδράςι
2036 616 2367 696 θηρευτῇςι

561 711 828 791 κάπριος
870 712 944 792 ἠὲ
988 711 1156 777 λέων
1202 711 1536 792 ςτρέφεται
1583 711 1790 778 ςθένεῑ
1834 713 2228 793 βλεμεαίνων
2248 733 2264 748 ·

563 813 629 878 οἳ
672 813 745 879 δέ
788 834 857 879 τε
900 814 1236 894 πυργηδὸν
1280 812 1480 893 ςφέας
1524 811 1765 879 αὐτοὺς
1809 811 2198 893 ἀρτύναντες

561 914 768 980 ἀντίοι
808 914 1093 982 ἵςτανται
1139 915 1244 980 καὶ
1286 913 1683 981 ἀκοντίζουςι
1728 915 1989 995 θαμειὰς

433 1020 514 1080 45
560 1015 791 1097 αἰχμὰς
834 1017 904 1083 ἐκ
944 1022 1209 1098 χειρῶν·
1249 1021 1367 1083 τοῦ
1412 1016 1470 1081 δ’
1514 1015 1595 1081 οὔ
1640 1036 1801 1082 ποτε
1844 1016 2195 1098 κυδάλιμον
2237 1022 2356 1098 κῆρ

557 1121 780 1199 ταρβεῖ
823 1117 978 1185 οὐδὲ
1021 1122 1348 1199 φοβεῖται,
1395 1116 1708 1198 ἀγηνορίη
1754 1117 1827 1184 δέ
1872 1139 1975 1200 μιν
2021 1118 2201 1184 ἔκτα·

558 1221 813 1303 ταρφέα
855 1222 929 1287 δὲ
973 1221 1309 1301 ςτρέφεται
1353 1221 1561 1301 ςτίχας
1606 1220 1869 1300 ἀνδρῶν
1913 1222 2326 1301 πειρητίζων·

557 1323 736 1407 ὅππῃ
778 1321 836 1387 τ’
878 1322 1086 1407 ἰθύςῃ,
1129 1329 1207 1409 τῇ
1252 1324 1308 1388 τ’
1349 1322 1586 1389 εἴκουςι
1630 1322 1832 1403 ςτίχες
1876 1323 2139 1403 ἀνδρῶν
2162 1344 2177 1359 ·

557 1425 648 1492 ὣς
688 1425 934 1505 Ἕκτωρ
978 1424 1082 1491 ἀν’
1123 1425 1353 1504 ὅμιλον
1396 1423 1514 1490 ἰὼν
1558 1422 1860 1490 ἐλλίςςεθ’
1901 1425 2216 1510 ἑταίρους,

429 1532 516 1594 50
556 1528 812 1609 τάφρον
858 1526 1239 1607 ἐποτρύνων
1282 1525 1706 1607 διαβαινέμεν.
1779 1525 1934 1592 οὐδέ
1980 1526 2043 1592 οἱ
2068 1527 2272 1593 ἵπποι

554 1629 813 1711 τόλμων
859 1629 1226 1710 ὠκύποδες,
1272 1629 1441 1708 μάλα
1483 1630 1555 1694 δὲ
1599 1628 1971 1710 χρεμέτιζον
2016 1629 2116 1695 ἐπ’
2158 1628 2334 1714 ἄκρῳ

555 1731 750 1812 χείλει
794 1730 1203 1814 ἐφεςταότες·
1248 1728 1382 1797 ἀπὸ
1423 1732 1550 1811 γὰρ
1595 1730 1933 1798 δειδίςςετο
1977 1732 2228 1812 τάφρος

555 1833 768 1918 εὐρεῖ’,
815 1833 951 1900 οὔτ’
993 1833 1096 1915 ἄρ’
1138 1832 1558 1914 ὑπερθορέειν
1603 1833 1833 1914 ςχεδὸν
1878 1832 2029 1899 οὔτε
2073 1839 2339 1914 περῆςαι

557 1936 787 2017 ῥηιδίη·
832 1936 1102 2017 κρημνοὶ
1143 1936 1266 2015 γὰρ
1312 1935 1671 2018 ἐπηρεφέες
1711 1936 1857 2015 περὶ
1900 1938 2110 2001 πᾶςαν

426 2043 506 2103 55
553 2037 818 2105 ἕςταςαν
862 2038 1363 2121 ἀμφωτέρωθεν,
1407 2036 1684 2117 ὕπερθεν
1728 2038 1800 2102 δὲ
1845 2038 2254 2105 ςκολόπεςςιν

554 2140 761 2207 ὀξέςιν
804 2139 1058 2225 ἠρήρει,
1101 2139 1257 2204 τοὺς
1296 2138 1562 2204 ἔςταςαν
1607 2135 1740 2204 υἷες
1784 2139 2057 2218 Ἀχαιῶν

550 2241 837 2308 πυκνοὺς
879 2243 984 2307 καὶ
1024 2241 1377 2326 μεγάλους,
1422 2238 1621 2320 δηίων
1664 2237 1925 2319 ἀνδρῶν
1969 2240 2281 2321 ἀλεωρήν.

551 2343 684 2409 ἔνθ’
720 2342 809 2409 οὔ
854 2363 964 2410 κεν
1009 2343 1127 2424 ῥέα
1165 2343 1370 2409 ἵππος
1413 2341 1730 2423 ἐύτροχον
1774 2343 1944 2424 ἅρμα
1985 2344 2282 2411 τιταίνων

554 2444 797 2532 ἐςβαίη,
840 2445 1025 2513 πεζοὶ
1068 2447 1139 2513 δὲ
1183 2444 1522 2527 μενοίνεον
1567 2445 1624 2511 εἰ
1666 2445 1968 2512 τελέουςι.

515 2597 583 2652 V.
622 2618 673 2652 τ..
729 2604 799 2653 40
832 2599 1153 2666 τοπρόςθεν
1190 2597 1301 2652 HL.
1345 2599 1416 2652 τὸ
1462 2602 1698 2665 πρῶτον
1735 2596 1791 2651 C.
1838 2597 2091 2665 μάρνατο
2137 2597 2190 2653 S.
2238 2598 2355 2654 ἴςος
2398 2598 2464 2653 D.
2503 2630 2568 2639 —-
2603 2606 2666 2652 41

380 2668 522 2721 ὅταν
547 2664 749 2721 CEHL.
787 2670 821 2720 θ
860 2673 1085 2737 ρευτῇςι
1108 2663 1426 2723 ACDEGH.
1463 2694 1530 2706 -·
1563 2671 1631 2719 42
1667 2665 1882 2733 κάπρος
1919 2664 1984 2719 G.
2022 2697 2086 2705 —
2120 2672 2187 2721 43
2222 2667 2575 2734 ἀρτύναντας
2602 2667 2669 2722 G.

379 2763 447 2773 -
481 2739 550 2787 44
583 2734 763 2790 ἀντίοι
796 2733 838 2787 li
879 2735 943 2789 ri.
987 2736 1169 2790 ἀντίοι
1212 2736 1254 2813 ἡ
1296 2732 1492 2789 ἀντίον
1525 2732 1571 2786 Ε
1608 2738 1726 2799 891,
1758 2739 1845 2789 43.
1892 2763 1953 2773 —
1996 2738 2064 2786 46
2100 2734 2371 2804 ἀγηνορίῃ
2409 2734 2465 2790 S.
2502 2765 2568 2775 —
2602 2741 2668 2789 47

378 2800 594 2856 omittit
626 2801 679 2856 H
711 2801 772 2855 in
804 2803 993 2870 textu,
1027 2802 1205 2857 habet
1236 2820 1297 2855 m
1331 2816 1507 2871 marg.
1544 2817 1696 2855 man.
1735 2817 1845 2856 rec.
1881 2802 2104 2869 ταρφέά
2129 2803 2186 2857 C.
2221 2803 2445 2870 τάρφεά
2482 2803 2663 2873 Apoll.

375 2919 512 2974 Lex.
548 2926 599 2987 7,
636 2926 721 2975 22.
757 2949 825 2960 -
857 2925 925 2975 48
960 2922 1120 2991 ὅππῃ
1156 2920 1277 2975 AE:
1313 2921 1490 2974 ceteri
1523 2922 1713 2989 ὅππη·
1751 2920 1924 2976 ίθύςει
1948 2918 2149 2975 CDE'L.
2190 2889 2380 2977 ίθιίςεῖ1
2409 2921 2463 2975 S.
2499 2952 2563 2962 —
2600 2928 2667 2977 49

377 2989 458 3043 ώς
491 2988 559 3041 A.
605 2988 833 3044 ἑλίςςεθ’
868 2987 955 3045 cI.
992 2987 1153 3044 Cant.
1190 2987 1331 3043 Mor.
1375 2988 1576 3045 ἐλίςεθ’
1620 2986 1834 3043 Townl.
1882 2989 2084 3079 ἐλίξεθ’
2119 2987 2185 3044 G.
2231 2990 2457 3046 ἑλίςςεθ’
2494 2988 2564 3044 H.
2601 3020 2667 3029 -—

376 3129 445 3179 50
478 3125 778 3190 διαβαίνειν
801 3123 864 3178 Ε.
899 3125 1225 3191 διαβήμεναι
1250 3122 1463 3179 Townl.
1500 3125 1568 3180 οὐ
1606 3124 1668 3178 δὲ
1689 3124 1756 3176 A.
1786 3153 1847 3163 —
1873 3129 1935 3179 51
1975 3105 2326 3193 χράξιμέτιῑον
2350 3124 2409 3179 C.
2445 3126 2496 3178 δ’
2517 3126 2667 3193 ἐχρε-

377 3193 599 3258 μέτῖῑον
631 3192 700 3247 Η.
740 3222 805 3232 -——
841 3198 906 3247 52
941 3192 1107 3259 χείλει
1145 3194 1408 3248 ἑςταότες
1441 3190 1503 3247 L.
1539 3192 1714 3260 χείλεῖ
1747 3194 1787 3314 fl
1819 3193 2161 3259 διςυλλάβως
2197 3194 2368 3261 χείλει
2404 3194 2667 3249 ἑςταότες

378 3263 470 3314 καὶ
505 3262 694 3316 ἄλλως
729 3262 790 3315 δὲ
825 3259 997 3327 χείλει
1033 3261 1372 3328 ἐφεςταότες
1406 3260 1453 3313 Ε
1487 3266 1607 3325 892,
1639 3265 1723 3314 26.
1791 3266 2119 3326 φεςταῶτες
2154 3260 2369 3315 Townl.
2406 3262 2519 3317 ἀπο
2550 3261 2665 3316 CH.

375 3329 491 3383 ἀπο
523 3327 585 3383 L.
632 3358 702 3369 —
742 3334 809 3383 53
843 3329 914 3395 ἀρ
947 3326 1106 3381 EGL.
1153 3330 1223 3396 ἀρ
1261 3328 1326 3382 A.
1369 3330 1425 3381 τ’
1467 3330 1558 3396 ἀρ’
1600 3327 1661 3381 et
1702 3343 1850 3381 man.
1895 3345 2006 3384 rec.
2052 3346 2140 3398 γρ.
2184 3331 2291 3397 γὰρ
2338 3327 2396 3385 C.
2442 3330 2510 3383 οὐ
2556 3332 2663 3398 γὰρ

375 3394 590 3450 Townl.
625 3426 695 3437 —
738 3402 805 3451 54
840 3397 1173 3465 ἑπῑρρεφέες
1209 3395 1258 3450 G
1292 3396 1518 3450 Bal-oce.
1554 3395 1693 3449 Mor.
1729 3393 1889 3450 Cant.
1926 3395 2080 3452 Harl.
2116 3432 2181 3443 —
2226 3404 2292 3452 55
2327 3399 2562 3453 ἐςταςαν
2598 3398 2663 3454 G.

375 3466 586 3531 ὕπερθε
624 3462 771 3519 CDG
805 3463 1020 3518 Townl.
1068 3494 1134 3503 —
1175 3469 1241 3519 5ss
1316 3465 1557 3531 ρήρειςτ’
1589 3465 1690 3518 οὓς
1735 3465 1971 3520 ἕςταςαν
2014 3464 2379 3552 Pseudoplut.
2416 3472 2512 3521 156
2576 3472 2662 3523 44.

375 3534 614 3587 ἔςταςαν
648 3531 718 3587 Η.
757 3562 822 3573 -
858 3535 925 3587 58
960 3534 1129 3599 εὔτρο
1164 3549 1233 3587 ον
1324 3572 1337 3586 .
1374 3532 1572 3588 ἐΰξοον
1606 3531 1766 3585 Vrat.
1799 3532 1867 3585 A.
1903 3533 2103 3597 ἐύξοον
2137 3537 2172 3600 ἢ
2209 3534 2483 3602 ἑυτροχον
2517 3507 2578 3588 ὲ.
2598 3564 2664 3574 -

373 3605 443 3654 59
476 3600 662 3670 ἐςβαίῃ
700 3599 770 3653 Η.
803 3600 1056 3655 τελέουςι
1089 3550 1304 3655 ΑΈΘΗ.
1343 3601 1380 3668 ἦ
1416 3601 1668 3655 τελέουςι
1705 3597 1862 3654 Vrat.
1897 3600 1965 3655 A.

510 3753 576 3805 A.
604 3769 649 3805 c.
707 3757 775 3807 40
810 3753 1121 3821 ἑμάρνατοε
1160 3753 1537 3822 ἀριςτοφάνης
1570 3753 1833 3818 ἐμαίνετο
1870 3752 2218 3822 Didymus.
2251 3783 2321 3794 —
2354 3760 2415 3808 41
2457 3755 2521 3809 ἔν
2555 3770 2662 3808 τιςι

372 3824 709 3888 θηρευτῆρςι
753 3818 937 3876 Schol.
972 3822 1049 3886 A,
1098 3820 1244 3875 conf.
1282 3820 1355 3874 ad
1389 3821 1432 3874 Λ
1468 3826 1586 3876 325.
1628 3851 1696 3860 —-
1740 3827 1807 3875 44
1842 3822 2048 3878 ἀντίου
2093 3839 2180 3890 γρ.
2214 3821 2426 3889 ἀντίον,
2473 3824 2661 3876 οὕτως

371 3890 481 3956 γάρ
515 3888 846 4010 ἀδιείςταρχος
881 3886 1228 3969 Didymuq.
1266 3919 1333 3928 —-
1367 3894 1434 3943 46
1467 3890 1767 3957 ἀγηνορίηε
1805 3890 1994 3978 οὕτως
2030 3893 2201 3958 χωρὶς
2223 3896 2328 3944 τοῦ
2352 3891 2387 3977 ’ἶ
2412 3890 2662 3968 ἀίςταρ-

371 3973 541 4078 ¹3⁶5.
578 3955 1218 4093 ελῖἓεεὲοᾭᾷἓὲίῖᾅῖ
1227 3955 1428 4080 (1τῖΞέ
1439 3974 1582 4091 ῗῐὲῖ
1580 3962 1688 4092 γὲἰ
1718 3957 1994 4080 Ξὲὲὶῗέἓν
2020 3958 2661 4080 θὶοῗὲὶξὲῑθαῡτῗὲἓξί

370 4041 476 4146 τοῦ
501 4091 796 4158 είλίςςετο,
833 4093 1155 4172 ἐςτρέφετο,
1180 4094 1328 4147 τινὲς
1364 4093 1426 4147 δὲ
1461 4093 1749 4160 ἐψίλωςαν
1781 4091 1937 4147 Euat.
1972 4066 2089 4173 3⁹92,
2127 4100 2208 4147 23.
2245 4123 2308 4132 -
2345 4098 2413 4147 54
2446 4094 2660 4160 ἀριςτο-

370 4161 455 4281 xd
531 4175 560 4214 ς
594 4162 868 4237 διαπαςαν
903 4158 1401 4238 (sgc)D1dymu3.
1441 4190 1507 4239 -3
1539 4165 1606 4215 55
1642 4161 1878 4216 ἕςταςαν
1900 4160 2267 4225 Anetarchus,
2304 4160 2660 4214 Ptolemaeus

422 4244 518 4281 sca.
539 4228 721 4291 muta,
759 4226 1140 4291 Hotomanus,
1177 4230 1410 4285 δαςέως.
1469 4228 1644 4283 udem
1679 4246 1732 4282 v.
1768 4233 1832 4281 56
1879 4229 2130 4295 ἕςταςαν,
2269 4233 2376 4295 ῶς,
2403 4230 2546 4284 conf.
2570 4229 2655 4286 Et.

367 4295 483 4368 ΜΒ.
521 4300 639 4363 382,
677 4301 759 4352 21.
796 4326 859 4337 --
897 4301 962 4354 59
999 4295 1212 4366 ἑςβαίηε
1249 4297 1482 4366 καββαίη
1518 4295 1834 4352 Zenodotus
1870 4298 1930 4351 et
1966 4297 2189 4370 Aristop
2232 4312 2384 4357 anes,
