3144 5006
1263 426 1597 482 ΙΛΙΑΔΟ(
1654 424 1798 482 ΧΙΧ.
2555 424 2681 488 223

401 585 524 644 355
570 580 732 659 αὐτὴ
778 582 848 646 δὲ
891 581 1055 660 πρὸς
1099 582 1343 660 πατρὸς
1387 581 1742 661 ἑριςθενέος
1788 579 2055 644 πυκινὸν
2100 583 2196 643 δῶ

573 684 801 768 ᾤχετο.
890 684 990 747 τοὶ
1034 683 1092 747 δ’
1135 680 1459 748 ἀπάνευθε
1503 686 1675 748 νεῶν
1721 682 1992 762 ἐχέοντο
2038 679 2276 745 θοάων.

572 785 663 850 ῶς
706 784 763 849 δ’
807 785 914 850 ὅτε
959 786 1258 865 ταρφειαὶ
1300 785 1571 864 νιφάδες
1616 785 1782 850 Διὸς
1827 783 2277 859 ἐκποτέονται,

488 946 497 955 .
571 887 844 968 ψυχραί,
890 887 1021 952 ὑπὸ
1068 886 1252 966 ῥιπῆς
1300 885 1711 966 αἰθρηγενέος
1758 886 2027 968 βορέαο,

569 988 659 1053 ῶς
702 988 849 1053 τότε
894 990 1192 1069 ταρφειαὶ
1233 989 1501 1066 κόρυθες
1548 988 1845 1067 λαμπρὸν
1890 987 2213 1064 γανόωςαι

400 1096 526 1156 360
568 1096 745 1168 νηῶν
790 1091 1188 1171 ἐκφορέοντο
1234 1091 1335 1156 καὶ
1378 1089 1633 1155 ἀςπίδες
1678 1088 2110 1169 ὀμφαλόεςςαι

568 1193 852 1272 θώρηκές
895 1213 960 1258 τε
1007 1192 1455 1271 κραταιγύαλοι
1501 1193 1605 1256 καὶ
1648 1192 1893 1271 μείλινα
1937 1194 2161 1270 δοῦρα.

568 1293 755 1373 αἴγλη
802 1295 860 1360 δ’
905 1294 1190 1374 οὐρανὸν
1233 1293 1355 1364 ἷκε,
1401 1293 1666 1368 γέλαςςε
1711 1295 1782 1358 δὲ
1827 1297 1995 1358 πᾶςα
2038 1292 2182 1372 περὶ
2226 1292 2401 1371 χθὼν

567 1399 808 1476 χαλκοῦ
854 1397 982 1462 ὑπὸ
1029 1399 1369 1475 ςτεροπῆς·
1417 1393 1546 1459 ὑπὸ
1594 1397 1663 1460 δὲ
1710 1394 1949 1460 κτύπος
1993 1394 2248 1474 ὤρνυτο
2294 1394 2514 1460 ποςςὶν

568 1497 858 1576 ἀνδρῶν·
907 1498 979 1562 ἐν
1025 1498 1098 1562 δὲ
1141 1499 1372 1576 μέςοιςι
1417 1495 1764 1576 κορύςςετο
1809 1499 1949 1561 δῖος
1992 1495 2330 1576 Ἀχιλλεύς.

411 1606 533 1663 365
578 1603 697 1664 τοῦ
741 1600 846 1664 καὶ
889 1599 1184 1666 ὀδόντων
1230 1602 1344 1678 μὲν
1389 1599 1635 1678 καναχὴ
1678 1599 1866 1662 πέλε·
1910 1599 2002 1662 τὼ
2048 1598 2118 1662 δέ
2163 1596 2227 1662 οἱ
2270 1598 2411 1663 ὄςςε

573 1702 934 1780 λαμπέςθην
981 1702 1073 1766 ῶς
1118 1701 1176 1766 εἴ
1218 1722 1286 1766 τε
1332 1702 1538 1779 πυρὸς
1586 1700 1803 1781 ςέλας,
1854 1699 1924 1765 έν
1969 1698 2041 1762 δέ
2087 1698 2148 1764 οἱ
2192 1698 2350 1779 ἦτορ

569 1803 707 1869 δῦν’
750 1801 910 1882 ἄχος
955 1802 1264 1881 ἄτλητον·
1310 1804 1348 1867 ὃ
1394 1804 1450 1865 δ’
1494 1802 1621 1882 ἄρα
1664 1801 1910 1880 Τρωςὶν
1954 1802 2309 1879 μενεαίνων

567 1904 792 1970 δύςετο
836 1908 1018 1985 δῶρα
1060 1909 1247 1987 θεοῦ,
1291 1905 1371 1969 τά
1415 1902 1478 1969 οἱ
1520 1905 1876 1980 Ἥφαιςτος
1921 1902 2077 1982 κάμε
2120 1902 2385 1982 τεύχων.

568 2010 872 2086 κνημῖδας
918 2009 1033 2085 μὲν
1077 2011 1303 2086 πρῶτα
1346 2006 1491 2085 περὶ
1535 2006 1837 2089 κνήμῃςιν
1882 2004 2064 2084 ἔθηκε

399 2114 524 2171 370
568 2108 799 2190 καλάς,
844 2107 1245 2188 ἀργυρέοιςιν
1289 2107 1684 2189 ἐπιςφυρίοις
1730 2104 2064 2185 ἀραρυίας·

569 2211 874 2289 δεύτερον
920 2208 1002 2276 αὖ
1047 2211 1304 2289 θώρηκα
1350 2210 1491 2288 περὶ
1536 2211 1855 2287 ςτήθεςςιν
1900 2207 2147 2271 ἔδυνεν.

566 2310 726 2390 ἀμφὶ
769 2312 828 2376 δ’
870 2310 972 2390 ἄρ’
1022 2311 1284 2390 ὤμοιςιν
1331 2311 1561 2389 βάλετο
1609 2312 1796 2390 ξίφος
1841 2310 2248 2389 ἀργυρόηλον

565 2412 874 2493 χάλκεον·
925 2413 1129 2492 αὐτὰρ
1174 2413 1395 2477 ἔπειτα
1439 2412 1629 2477 ςάκος
1674 2413 1835 2492 μέγα
1878 2432 1946 2476 τε
1991 2411 2287 2490 ςτιβαρόν
2331 2431 2400 2476 τε

567 2514 807 2599 εἵλετο,
852 2519 968 2579 τοῦ
1014 2516 1071 2579 δ’
1115 2515 1438 2581 ἀπάνευθε
1485 2516 1670 2580 ςέλας
1715 2514 1920 2590 γένετ’
1962 2514 2113 2593 ἠύτε
2158 2515 2378 2594 μήνης.

402 2622 525 2681 375
572 2616 661 2681 ὡς
706 2616 763 2682 δ’
806 2616 903 2681 ὅτ’
945 2616 1026 2681 ἂν
1071 2616 1142 2682 ἐκ
1185 2615 1457 2683 πόντοιο
1505 2618 1688 2681 ςέλας
1732 2615 1992 2701 ναύτῃςι
2038 2617 2257 2700 φανήῃ

530 2785 596 2840 V.
637 2805 687 2839 ι..
756 2791 856 2839 366
890 2785 952 2838 ἐν
986 2784 1146 2851 ἄλλῳ
1183 2785 1330 2851 αὐτὴ
1368 2783 1511 2851 (eod.
1547 2785 1738 2851 αὐτῆι)
1775 2784 1827 2836 δ’
1860 2783 1932 2838 αὖ
1967 2782 2034 2836 A.
2072 2813 2136 2822 —-
2181 2789 2279 2838 357
2316 2785 2682 2838 ἐκπετὲονται

398 2873 553 2928 Vrat.
591 2872 644 2926 b.
682 2872 747 2924 A.
800 2869 1190 2924 ἑκποτέωνται
1224 2869 1430 2927 nullus.
1489 2900 1553 2910 --
1607 2875 1708 2924 358
1753 2869 1870 2923 ὑπὸ
1915 2868 2140 2923 Barocc.
2184 2868 2321 2924 Mor.
2368 2870 2523 2924 ΥΠΟ
2564 2868 2684 2937 Syr.

398 2940 515 2996 ὑπὸ
553 2942 587 3007 ἢ
624 2942 762 2994 ὑπαὶ
798 2937 860 2991 Ε.
895 2938 1034 2991 ὑπαὶ
1072 2936 1356 2992 ACGHLS
1392 2940 1454 2992 et
1486 2936 1694 3006 Heynii
1727 2937 1876 2995 libri.
1922 2939 2227 3003 ὑπαιριπῆς
2261 2936 2328 2991 D.
2366 2968 2427 2976 —
2467 2942 2567 2992 359
2604 2938 2684 2991 ὡς

397 3009 464 3061 A.
506 3037 569 3046 —
606 3011 707 3062 360
743 3007 806 3061 ἐκ
842 3008 1003 3073 νηῶν
1037 3008 1319 3073 φορέοντο
1355 3005 1505 3075 Lips.
1541 3006 1632 3060 hic
1669 3021 1861 3059 versus
1895 3005 1956 3057 in
1990 3005 2033 3058 L
2069 3008 2199 3073 post
2241 3011 2335 3058 361
2388 3008 2475 3059 est
2508 3004 2682 3060 collo-

398 3075 575 3130 catus.
616 3104 672 3114 —
712 3080 810 3129 361
849 3074 1245 3140 κραταιγύαλοι
1280 3075 1345 3132 A.
1381 3077 1767 3142 κραταιγῑαλοι
1804 3071 1860 3128 C.
1903 3073 2127 3140 μήλιναι
2165 3073 2222 3126 C.
2257 3073 2387 3142 post
2419 3072 2567 3126 huno
2600 3074 2682 3126 in-

396 3178 578 3231 sertus
631 3175 754 3229 erat
796 3174 855 3227 in
901 3142 1336 3232 codT‘Barocc.
1381 3173 1522 3230 Mor.
1577 3174 1732 3229 νηῒ.
1776 3176 1841 3231 A.
1896 3173 1959 3228 ἑκ
1996 3178 2155 3242 νηῶν
2207 3173 2440 3241 ἐχέοντο
2492 3177 2594 3242 βοὴ
2633 3177 2681 3229 δ’

396 3246 657 3311 ἄςβεςτος
703 3244 736 3298 ὁ
775 3243 923 3306 ώρει.
978 3272 1044 3282 -
1098 3247 1198 3296 362
1232 3246 1320 3297 ΐκε
1356 3245 1420 3296 A.
1473 3243 1558 3297 ἵκε
1598 3241 1652 3297 C.
1710 3243 1908 3308 γέλαςε
1954 3241 2120 3296 Rhet.
2167 3241 2261 3298 Gr.
2307 3242 2405 3307 111,
2443 3247 2560 3310 232,
2605 3248 2681 3300 18.

394 3329 528 3434 3³53*
547 3309 757 3435 &3⁰22
767 3307 889 3431 Ἥ,
906 3308 1548 3447 Ἣξθῖιὶῗὲἰοδξῆέωόν
1585 3313 1869 3446 ’ἑῗῢὲἒέω
1941 3309 2132 3433 ῗῖἒὲιῖῑ
2167 3309 2464 3433 {heffosscff
2470 3352 2482 3376 ²
2496 3316 2589 3431 3¹·
2615 3341 2680 3349 ““

394 3453 495 3502 364
530 3448 753 3512 ἁχῑλεύς
792 3445 851 3501 C.
889 3475 955 3486 —
993 3451 1092 3500 366
1129 3447 1207 3501 ὡς
1245 3448 1298 3501 εἴ
1331 3463 1395 3501 τε
1432 3444 1563 3503 AH:
1602 3445 1689 3499 vul
1735 3462 1768 3500 ο
1805 3447 2017 3503 ὡςείτε.
2058 3447 2267 3501 ΗΤΟΡ’
2302 3445 2423 3515 Syr.
2469 3477 2535 3485 —
2582 3452 2679 3500 367

397 3517 483 3570 ὅδ’
518 3513 729 3570 CGHL.
765 3518 975 3582 τρῳςίν
1010 3513 1069 3568 L.
1104 3517 1277 3581 τρωςί
1325 3512 1471 3568 CDG
1516 3513 1661 3581 Lips.
1754 3516 1859 3568 rat.
1908 3518 1970 3572 A.
2013 3543 2077 3553 —
2126 3519 2226 3568 368
2263 3518 2415 3570 θεοῖο
2453 3513 2495 3566 L
2530 3513 2593 3566 Li
2637 3534 2678 3568 s,

393 3587 447 3638 οἱ
484 3583 668 3637 omitt.
703 3581 772 3637 D.
821 3612 885 3621 —-
931 3587 1031 3637 369
1069 3585 1336 3650 κνημῖδας
1381 3580 1450 3635 Η.
1507 3601 1547 3635 π
1587 3584 1793 3637 ώτιςτα
1830 3582 1887 3641 C.
1940 3599 2070 3650 περι
2104 3580 2172 3636 D.
2228 3584 2392 3652 ἔθηκε
2427 3580 2573 3636 ACD
2631 3584 2679 3636 H

393 3650 513 3720 Syr.
550 3681 615 3690 -
663 3656 762 3706 370
799 3650 1148 3718 ἐπιςφηρίοις
1174 3649 1214 3704 C
1252 3667 1320 3704 ex
1356 3665 1495 3707 corr.
1522 3599 1586 3708 (ἒ
1622 3680 1690 3690 -
1724 3656 1819 3704 371
1861 3651 2021 3705 ἔδυνε
2057 3649 2107 3703 Α
2144 3648 2263 3718 Syr.
2302 3681 2364 3690 ——
2401 3656 2501 3705 372
2536 3651 2680 3719 ἀμφι

392 3719 456 3773 D.
495 3720 565 3788 ἂρ
600 3717 816 3774 DGHL.
854 3721 1046 3783 ὠμοιςι
1072 3717 1135 3776 D.
1172 3749 1232 3757 -
1273 3724 1371 3773 373
1409 3719 1551 3785 μέγά
1585 3734 1651 3773 τε
1676 3717 1733 3777 C.
1770 3748 1837 3758 ““
1871 3723 1973 3773 375
2007 3720 2149 3773 ὅταν
2182 3717 2434 3777 ACEGL.
2473 3720 2674 3775 ΟΤΑΝ

394 3786 517 3854 Syr.
555 3805 672 3854 φαν
716 3805 750 3856 ῃ
790 3786 908 3841 DH.
956 3790 1129 3853 φανί
1174 3803 1189 3839 ι
1224 3789 1289 3843 A.
1338 3789 1537 3856 φανῄη
1568 3785 1726 3840 Vrat.
1762 3785 1817 3839 b.
1858 3785 1913 3840 d.
1958 3788 2153 3854 φανήη
2197 3785 2241 3839 L
2273 3787 2423 3857 Lips.
2462 3786 2677 3842 Townl.

393 3855 640 3911 ΦΑΝΗΗ
716 3871 800 3924 yr.
835 3854 1041 3922 φανείη
1078 3804 1258 3908 (ἿΙΒΕΒ
1294 3854 1356 3908 et
1388 3854 1522 3907 olim
1558 3853 1748 3924 vulgO.

528 4026 593 4077 A.
631 4041 678 4081 c.
750 4030 847 4078 367
894 4021 1248 4076 Aristarchus
1301 4025 1362 4077 et
1416 4022 1655 4078 Ptolem.
1703 4023 2029 4079 Ascalonita
2070 4025 2359 4092 ταρφειαίε
2414 4032 2678 4094 ταρφεῖαι

393 4091 692 4159 Dionysius
735 4091 950 4151 Thrax.
1003 4089 1149 4146 conf.
1202 4090 1387 4147 Schol.
1445 4093 1502 4146 Μ
1553 4097 1666 4146 158.
1724 4122 1786 4132 —
1841 4098 2111 4147 366-368
2156 4095 2508 4148 ἀθετοῦνται.
2546 4096 2578 4148 ὁ
2614 4097 2677 4150 δὲ

393 4159 657 4214 (ιδώνιος
702 4160 1036 4227 ἠθετηκέναι
1082 4160 1184 4224 μὲν
1235 4162 1306 4213 τὸ
1351 4162 1600 4226 ιπρῶτόν
1653 4177 1821 4228 φηςιν
1872 4161 2085 4217 αὐτοὺς
2130 4163 2237 4215 τὸν
2293 4162 2674 4231 Ἀρίςταρχον,

396 4228 635 4293 ὕςτερον
679 4227 740 4280 δὲ
790 4230 1071 4295 περιελεὶν
1113 4228 1248 4282 τοὺς
1283 4229 1544 4294 ὀβελούς,
1591 4229 1886 4296 ποιητικὸν
1921 4229 2224 4295 νομίςαντα
2258 4232 2327 4282 τὸ
2361 4234 2608 4286 τοιοῦτο.
2645 4232 2677 4285 ὁ

396 4297 589 4358 μέντοι
615 4295 929 4374 Ἀμμώνιος
964 4296 1026 4349 ἐν
1048 4299 1135 4363 τῷ
1162 4298 1291 4362 περὶ
1319 4300 1419 4364 τῆς
1454 4297 1847 4365 ἑπεκδοθείςης
1871 4298 2222 4363 διορθώςεως
2258 4299 2427 4352 οὐδὲν
2448 4302 2678 4352 τοιοῦτο

391 4364 543 4429 λέγει
577 4361 1031 4417 Anstonicus.
1074 4393 1133 4401 —
1172 4370 1272 4418 375
1308 4365 1504 4433 φανήῃ
1542 4363 1688 4421 conf.
1726 4363 1795 4423 H.
1831 4362 1896 4419 Τ.
1935 4370 2055 4423 405.
