3144 5006
547 503 624 566 16
1463 476 1794 557 ι’ΛιΑΔος
1847 502 1909 555 Ν.
2119 507 2171 560 s

709 653 1004 741 [Ἕκτορα
1045 655 1436 737 Πριαμίδην,
1482 655 1586 720 καὶ
1633 654 1687 720 εἰ
1729 654 1899 733 μάλα
1942 654 2248 734 καρτερός
2292 649 2507 733 ἑςτιν].

708 757 866 823 αἰπύ
910 757 973 822 οἱ
1016 757 1313 839 ἑςςεῖται,
1359 757 1527 838 μάλα
1569 777 1693 836 περ
1739 760 2020 837 μεμαῶτι
2064 749 2397 835 μάχεςθαι,

707 860 938 925 κείνων
983 860 1301 938 νικήςαντι
1344 859 1535 937 μένος
1579 859 1681 924 καὶ
1724 863 1942 938 χεῖρας
1985 857 2272 923 ἀάπτους

709 965 867 1040 νῆας
912 961 1275 1044 ἑνιπρῆςαι,
1321 959 1430 1025 ὅτε
1473 961 1555 1039 μή
1603 959 1798 1025 αὐτός
1839 980 1915 1037 γε
1963 959 2253 1039 Κρονίων

544 1069 671 1128 320
713 1063 976 1144 ἐμβάλοι
1023 1062 1367 1142 αἰθόμενον
1411 1062 1615 1127 δαλὸν
1660 1063 1869 1142 νήεςςι
1913 1067 2149 1146 θοῇςιν.

711 1165 894 1245 ἀνδρὶ
938 1165 1010 1229 δέ
1054 1164 1109 1227 κ’
1155 1164 1273 1229 οὐκ
1317 1162 1501 1231 εἴξειε
1545 1166 1740 1244 μέγας
1786 1165 2198 1244 Τελαμώνιος
2242 1155 2424 1246 Αἴας,

718 1268 793 1331 ὃς
836 1266 1069 1345 θνητός
1110 1266 1167 1330 τ’
1211 1265 1308 1346 εἴη
1355 1266 1455 1330 καὶ
1499 1265 1638 1331 ἔδοι
1683 1266 2063 1347 Δημήτερος
2108 1267 2338 1344 ἀκτήν,

709 1370 925 1450 χαλκῷ
969 1387 1039 1431 τε
1086 1366 1316 1447 ῥηκτὸς
1359 1370 1686 1446 μεγάλοιςί
1729 1390 1798 1434 τε
1843 1370 2286 1449 χερμαδίοιςιν.

710 1469 852 1535 οὐδ’
895 1470 976 1533 ἂν
1020 1469 1298 1548 Ἀχιλλῆι
1345 1469 1647 1550 ῥηξήνορι
1690 1472 2036 1550 χωρήςειεν

545 1576 669 1636 325
717 1571 788 1637 ἔν
834 1571 892 1649 γ’
936 1569 1347 1655 αὐτοςταδίῃ·
1394 1573 1544 1636 ποςὶ
1588 1573 1646 1636 δ’
1689 1572 1769 1636 οὔ
1813 1593 1952 1639 πως
1995 1572 2165 1639 ἔςτιν
2209 1572 2453 1653 ἐρίζειν.

708 1679 867 1739 νῶιν
913 1672 970 1737 δ’
1015 1671 1131 1737 ὧδ’
1174 1673 1275 1737 ἐπ’
1318 1672 1590 1753 ἀριςτέρ’
1634 1672 1743 1752 ἔχε
1788 1678 2085 1756 ςτρατοῦ,
2132 1674 2311 1756 ὄφρα
2352 1676 2610 1753 τάχιςτα

710 1773 966 1853 εἴδομεν
1011 1775 1087 1853 ἠέ
1131 1796 1223 1857 τῳ
1268 1773 1459 1854 εὖχος
1504 1773 1848 1860 ὀρέξομεν,
1893 1777 1968 1856 ἦέ
2011 1798 2103 1844 τις
2145 1776 2314 1855 ἡμῖν.
2570 1838 2575 1842 .

896 1877 987 1942 ὣς
1031 1875 1235 1957 φάτο,
1284 1877 1615 1958 Μηριόνης
1658 1881 1730 1943 δὲ
1775 1884 1910 1960 θοῷ
1956 1879 2313 1944 ἀτάλαντος
2356 1880 2537 1959 Ἄρηι

714 1977 855 2057 ἦρχ’
898 1976 1070 2058 ἴμεν,
1115 1977 1271 2059 ὄφρ’
1315 1977 1630 2058 ἀφίκοντο
1675 1980 1833 2044 κατὰ
1877 1982 2178 2060 ςτρατόν,
2224 1981 2263 2065 ᾖ
2310 2000 2413 2060 μιν
2458 1980 2716 2056 ἀνώγει.

547 2085 673 2144 330
884 2080 951 2143 οἳ
995 2079 1054 2144 δ’
1099 2078 1189 2145 ῶς
1232 2079 1560 2160 Ἰδομενῆα
1601 2079 1747 2147 ἴδον
1792 2083 1991 2162 φλογὶ
2036 2080 2285 2147 εἴκελον
2330 2082 2562 2161 ἀλκήν,

717 2180 915 2247 αὐτὸν
964 2181 1068 2246 καὶ
1110 2182 1512 2261 θεράποντα,
1560 2184 1675 2247 ςὺν
1720 2181 1923 2248 ἔντεςι
1966 2184 2382 2263 δαιδαλέοιςι,

714 2282 1088 2362 κεκλόμενοι
1133 2282 1282 2347 καθ’
1328 2281 1553 2360 ὅμιλον
1600 2283 1713 2348 ἐπ’
1755 2283 1932 2368 αὐτῷ
1975 2285 2214 2351 πάντες
2258 2284 2512 2366 ἔβηςαν.

710 2389 843 2451 τῶν
888 2384 946 2447 δ’
990 2383 1156 2465 ὁμὸν
1196 2384 1414 2450 ’ίςτατο
1457 2388 1672 2451 νεῖκος
1716 2386 1819 2451 ἐπὶ
1862 2394 2173 2471 πρυμνῇςι
2218 2387 2475 2452 νέεςςιν.

714 2486 805 2552 ῶς
849 2486 908 2552 δ’
952 2485 1062 2552 ὅθ’
1105 2485 1233 2552 ὑπὸ
1280 2486 1512 2563 λιγέων
1560 2479 1819 2569 ἀνέμων
1865 2490 2220 2570 ςπέρχωςιν
2264 2488 2487 2554 ἄελλαι

559 2594 682 2654 335
727 2588 915 2669 ἤματι
958 2594 1079 2674 τῷ,
1126 2586 1236 2653 ὅτε
1279 2608 1349 2653 τε
1394 2589 1652 2670 πλείςτη
1697 2592 1868 2657 κόνις
1913 2592 2075 2673 ἀμφὶ
2122 2592 2496 2672 κελεύθους,

716 2690 780 2756 οἵ
824 2691 879 2755 τ’
923 2690 1149 2770 ἄμυδις
1195 2690 1412 2769 κονίης
1456 2692 1738 2773 μεγάλην
1782 2693 2013 2760 ἱςτᾶςιν
2060 2693 2359 2774 ὀμίχλην,

712 2794 803 2858 ῶς
845 2791 973 2872 ἄρα
1015 2796 1150 2859 τῶν
1195 2790 1371 2871 ὁμός’
1413 2790 1568 2871 ἦλθε
1615 2795 1814 2879 μάχη,
1859 2796 2135 2875 με’μαςαν
2183 2797 2240 2861 δ’
2283 2795 2379 2860 ἐνὶ
2423 2800 2601 2879 θυμῷ

717 2896 1040 2975 ἀλλήλους
1085 2897 1233 2959 καθ’
1279 2894 1508 2973 ὅμιλον
1553 2896 1883 2977 ἐναιρέμεν
1928 2895 2059 2965 ὀξέι
2102 2899 2337 2982 χαλκῷ.

541 3055 668 3062 *-.ἡ
787 3056 904 3061 ---

688 3149 755 3202 V.
794 3168 843 3202 1..
897 3153 997 3203 316
1021 3145 1203 3201 omitt.
1238 3146 1384 3202 ACD
1421 3146 1665 3204 Townl.:
1706 3149 1925 3204 habent
1947 3149 1995 3203 D
2030 3150 2090 3204 in
2124 3165 2302 3219 matg.
2336 3155 2385 3206 8.
2410 3148 2833 3215 ωαιι.,ΕΟΗΙ..8

552 3216 767 3273 Townl.
805 3218 866 3269 in
899 3222 1078 3284 ma'rg.
1115 3230 1264 3268 man.
1305 3232 1413 3270 rec.
1453 3245 1518 3256 —-
1563 3224 1664 3271 319
1699 3221 1785 3284 ὅτι
1832 3222 1905 3284 μὴ
1943 3217 2092 3287 Lips.
2129 3219 2301 3273 αὐτός
2336 3234 2429 3283 γει
2476 3218 2646 3271 αὐτός
2681 3234 2745 3271 τε
2782 3216 2833 3269 H

543 3285 703 3339 Vrat.
741 3284 794 3337 d.
834 3314 899 3323 -—
936 3289 1031 3337 321
1072 3284 1201 3337 εἴξει
1237 3281 1305 3338 Η.
1343 3313 1406 3323 --
1455 3290 1557 3337 324
1602 3285 1727 3350 ἀχῖλ
1768 3291 1790 3339 ἰ·
1826 3286 1883 3340 C.
1923 3316 1985 3326 -—
2032 3292 2133 3340 325
2170 3289 2232 3340 ἐν
2266 3287 2344 3352 γέ
2389 3288 2453 3339 ἔν
2487 3287 2541 3339 τ’
2578 3284 2643 3339 G.
2691 3286 2753 3338 ἐν
2787 3286 2834 3336 δ’

547 3353 613 3407 H.
653 3351 1012 3417 αὐτοςταδίηι
1047 3350 1116 3408 Α.
1152 3353 1318 3404 οὔπω
1356 3348 1420 3404 G.
1458 3352 1609 3406 ἐςτίν
1646 3353 1738 3407 AC
1790 3352 1954 3407 GHL.
1989 3355 2136 3408 ἐςτιν
2161 3353 2229 3409 D.
2264 3384 2330 3393 -
2366 3358 2466 3408 326
2503 3353 2605 3407 ὧδ’
2639 3368 2746 3410 om.
2772 3351 2834 3410 L.

552 3420 879 3523 ὲπαριςζῗ
910 3452 976 3504 A.
1011 3482 1076 3490 —
1114 3458 1215 3506 327
1252 3453 1446 3519 ἴδομεν
1481 3451 1549 3506 D.
1585 3484 1652 3492 -
1696 3460 1796 3509 328
1833 3459 1911 3511 ὼς
1948 3456 2013 3512 A.
2048 3486 2115 3495 —
2161 3462 2260 3510 329
2296 3456 2557 3541 ἀφίκοιτο
2601 3453 2644 3506 L
2678 3452 2833 3512 Harl.

551 3545 701 3615 Lipe.
742 3560 886 3601 κατα
921 3546 985 3601 Α.
1026 3547 1267 3613 ςτρατὸν
1305 3563 1412 3605 om.
1448 3546 1507 3600 L.
1543 3576 1610 3587 —-
1646 3553 1746 3603 330
1781 3548 1835 3602 οἳ
1869 3549 1921 3602 δ’
1955 3547 2024 3603 D.
2063 3549 2171 3603 οἵδ’
2205 3548 2413 3606 CGHL.
2447 3551 2639 3604 ἴκελον
2676 3546 2743 3600 H.
2772 3575 2830 3584 -

551 3622 647 3669 331
688 3616 969 3669 ςυνέντεςι
1005 3613 1071 3668 A.
1109 3616 1322 3669 ἐντεςςι
1359 3613 1424 3694 G.
1461 3617 1789 3669 δαιδαλέοιςι
1825 3615 1988 3670 ACG.
2025 3617 2442 3684 μαρμαίροντας
2486 3615 2539 3669 Η
2579 3615 2730 3669 Vrat.
2777 3614 2830 3666 d.

545 3685 647 3737 ςὺν
698 3684 916 3773 τεόχεςι
971 3683 1308 3768 λευγαλέοιςι
1364 3681 1510 3752 Llps.
1568 3685 1629 3736 ἐν
1678 3685 1837 3763 ἄλλω
1892 3686 2137 3763 ἐνέντεςι
2192 3685 2603 3771 μαρμαίροντας
2657 3684 2720 3737 A.
2771 3712 2833 3720 —

547 3757 655 3874 §³53
682 3752 863 3887 {11:253
871 3766 1051 3873 12³2ss
1057 3766 1421 3875 ”53f¹e÷1,¹†⁰.¹2
1454 3768 1567 3873 ἓξὲξ
1570 3752 2046 3887 ’ἒᾜξᾶηῗῗοιῑ
2080 3749 2751 3888 ἒὲἇλῖἷοοὲθῦῗαὲοξὲ.
2768 3779 2835 3870 ’Ᾱ

544 3960 663 4010 359.
705 3987 766 3995 —-
804 3960 902 4010 337
940 3956 1017 4009 ὡς
1053 3953 1103 4006 D
1145 3960 1189 4009 1.
1225 3970 1372 4011 man.
1420 3955 1604 4020 όμός’;
1644 3955 1800 4021 ὁμῶς
1835 3955 1899 4014 D.
1937 3900 2093 4022 ὁμιῖιῖ
2132 3955 2188 4012 L.
2236 3957 2318 4010 ἐνι
2354 3953 2452 4008 AD
2491 3953 2614 4024 Syr.

639 4162 652 4179 ⁸
684 4179 753 4231 A.
794 4196 840 4231 c.
903 4182 1002 4232 318
1039 4177 1274 4231 κείνωνε
1320 4180 1509 4233 οὕτως
1554 4181 1953 4246 πληθυντικῶς
1992 4176 2047 4231 αἱ
2093 4177 2452 4243 Ἀριςτάρχου
2489 4173 2835 4243 Didymus,

548 4244 647 4298 alii
680 4246 856 4315 igitur
891 4246 1108 4310 κείνου,
1143 4261 1217 4299 sc.
1255 4246 1443 4316 Ajacie
1488 4245 1818 4299 Telamonii.
1865 4247 2143 4299 ἀάπτουςε
2189 4245 2516 4311 ἀρίςταρχος
2567 4245 2836 4306 άὲπτους,

554 4316 712 4368 ἄλλοι
751 4316 811 4368 δὲ
847 4315 1125 4376 ἀάπτους,
1170 4314 1268 4368 sed
1313 4315 1458 4368 conf.
1501 4313 1710 4367 Herod.
1747 4313 1820 4366 ad
1867 4315 1910 4366 Α
1947 4318 2044 4366 567
2089 4312 2370 4366 άάπτουςε
2419 4313 2606 4364 οὕτως
2643 4312 2704 4363 δέ
2742 4315 2836 4363 καὶ

550 4381 917 4447 Ἀρίςταρχος.
978 4383 1040 4434 ἐν
1076 4383 1136 4434 δὲ
1179 4387 1300 4435 ταῖς
1351 4384 1790 4448 Ἀριςτοφάνους
1833 4383 2114 4446 γλώτταις
2160 4381 2249 4432 διὰ
2290 4384 2395 4433 τοῦ
2444 4384 2475 4433 ἒ
2518 4380 2838 4445 ἐγέγραπτο

549 4447 806 4504 άέπτους.
843 4446 911 4501 Η.
948 4447 1010 4506 Τ.
1052 4454 1162 4505 175.
1199 4478 1266 4489 -
1300 4456 1400 4503 333
1435 4454 1710 4516 πρυμνῇςι
1748 4448 1860 4505 vid.
1896 4448 1965 4500 H.
2000 4446 2063 4501 T.
2103 4453 2220 4500 346.
