3144 5006
1295 410 1631 466 ΙΛΙΑΔΟΕ
1676 409 1768 470 XI.
2541 410 2666 474 317

381 570 513 630 370
553 565 823 649 Τυδείδῃ
867 564 974 629 ἔπι
1016 564 1170 630 τόξα
1212 562 1555 647 τιταίνετο,
1603 564 1856 644 ποιμένι
1901 568 2100 648 λαῶν,

550 669 739 751 ςτήλῃ
783 667 1147 747 κεκλιμένος
1192 666 1613 751 ἀνδροκμήτῳ
1657 666 1761 732 ἐπὶ
1803 668 2021 751 τύμβῳ

546 770 719 835 Ἴλου
762 768 1206 850 Δαρδανίδαο,
1254 771 1535 833 παλαιοῦ
1581 769 2077 848 δημογέροντος.

548 870 588 951 ἦ
633 891 734 936 τοι
778 871 816 936 ὃ
860 871 975 950 μὲν
1019 872 1277 949 θώρηκα
1320 869 1761 949 Ἀγαςτρόφου
1806 869 2092 950 ἰφθίμοιο

549 972 751 1038 αἴνυτ’
795 972 929 1037 ἀπὸ
975 972 1273 1051 ςτήθεςφι
1315 972 1678 1037 παναίολον
1723 967 1956 1037 ἀςπίδα
1997 972 2053 1037 τ’
2096 973 2294 1054 ὤμων

380 1079 503 1138 375
548 1074 650 1140 καὶ
692 1075 932 1154 κόρυθα
976 1074 1267 1156 βριαρήν·
1315 1073 1354 1138 ὃ
1398 1075 1470 1139 δὲ
1514 1073 1708 1138 τόξου
1753 1076 1964 1152 πῆχυν
2010 1073 2238 1140 ἄνελκε

549 1178 652 1242 καὶ
695 1177 910 1259 βάλεν,
956 1176 1096 1241 οὐδ’
1139 1174 1265 1256 ἄρα
1308 1195 1412 1254 μιν
1458 1174 1646 1241 ἅλιον
1691 1176 1879 1254 βέλος
1924 1174 2166 1255 ἔκφυγε
2213 1175 2447 1258 χειρός,

546 1279 785 1358 ταρςὸν
829 1280 1180 1358 δεξιτεροῖο
1224 1277 1457 1342 ποδός·
1504 1278 1610 1342 διὰ
1654 1276 1711 1340 δ’
1755 1275 2034 1356 ἀμπερὲς
2079 1277 2174 1342 ἰὸς

548 1380 619 1446 ἐν
662 1380 809 1463 γαίῃ
852 1380 1224 1459 κατέπηκτο.
1303 1379 1341 1442 ὃ
1388 1379 1460 1443 δὲ·
1503 1378 1672 1456 μάλα
1715 1378 1836 1454 ἡδὺ
1881 1378 2188 1454 γελάςςας

548 1482 617 1547 ἐκ
663 1482 863 1560 λόχου
908 1481 1234 1562 ἀμπήδηςε
1280 1480 1380 1545 καὶ
1423 1479 1775 1559 εὐχόμενος
1818 1479 1980 1545 ἔπος
2025 1480 2219 1560 ηὔδα·

378 1588 505 1647 380
719 1584 1006 1667 βέβληαι,
1052 1582 1191 1648 οὐδ’
1235 1581 1422 1647 ἅλιον
1469 1583 1657 1663 βέλος
1702 1582 2013 1661 ἔκφυγεν·
2062 1582 2152 1646 ῶς
2197 1581 2448 1664 ὄφελόν
2491 1603 2594 1647 τοι
2646 1645 2658 1662 ,

547 1685 802 1750 νείατον
846 1686 913 1749 ἐς
955 1689 1242 1751 κενεῶνα
1288 1685 1505 1765 βαλὼν
1549 1684 1619 1749 ἐκ
1662 1684 1866 1763 θυμὸν
1909 1683 2176 1751 ἑλέςθαι.

547 1785 720 1850 οὕτω
765 1806 873 1852 κεν
920 1788 1022 1851 καὶ
1063 1787 1283 1866 Τρῶες
1328 1785 1730 1851 ἀνέπνευςαν
1773 1785 2143 1870 κακότητος,

546 1888 611 1951 οἵ
653 1887 723 1952 τέ
768 1908 834 1954 ςε
878 1887 1218 1982 πεφρίκαςι
1262 1888 1477 1953 λέονθ’
1521 1887 1613 1952 ὡς
1658 1886 1930 1966 μηκάδες
1975 1886 2169 1965 αἶγες.

713 1991 829 2055 τὸν
873 1990 932 2054 δ’
976 1990 1057 2055 οὐ
1101 1990 1412 2071 ταρβήςας
1455 1989 1752 2069 προςέφη
1797 1991 2103 2069 κρατερὸς
2146 1990 2506 2070 Διομήδης·

375 2096 500 2156 385
544 2091 809 2175 τοξότα,
855 2092 1180 2175 λωβητὴρ,
1225 2093 1401 2171 κέραι
1446 2090 1680 2176 ἀγλαέ,
1724 2095 2200 2174 παρθενοπῖπα,

544 2193 599 2258 εἰ
641 2195 755 2272 μὲν
802 2193 879 2271 δὴ
926 2192 1212 2274 ἀντίβιον
1257 2194 1371 2259 ςὺν
1414 2192 1663 2272 τεύχεςι
1706 2193 2087 2277 πειρηθείης,

545 2293 664 2359 οὐκ
704 2295 788 2359 ἄν
829 2314 930 2358 τοι
975 2295 1297 2378 χραίςμῃςι
1344 2296 1479 2375 βιὸς
1519 2295 1624 2372 ,καὶ
1666 2295 1943 2376 ταρφέες
1989 2294 2101 2359 ἰοί·

543 2400 663 2461 νῦν
709 2396 780 2460 δέ
824 2395 885 2477 μ’
928 2396 1292 2476 ἐπιγράψας
1335 2396 1574 2477 ταρςόν
1618 2397 1823 2462 ποδὸς
1867 2396 2082 2475 εὔχεαι
2127 2397 2354 2461 αὔτως.

544 2497 664 2563 οὐκ
709 2498 945 2582 ἀλέγω,
991 2497 1083 2564 ὡς
1126 2497 1186 2563 εἴ
1228 2518 1302 2580 με
1339 2491 1741 2580 ’γυνὴβάλοι
1785 2499 1824 2578 ἢ
1870 2498 2018 2565 πάις
2063 2498 2330 2580 ἄφρων·

507 2665 575 2720 V.
612 2686 661 2720 ι..
720 2672 822 2721 370
855 2669 946 2722 ἐπι
982 2669 1045 2722 A.
1093 2669 1184 2722 ἐπὶ
1223 2665 1484 2722 CDGHL.
1532 2699 1591 2709 -
1642 2674 1735 2722 371
1775 2668 2169 2764 ἀνδρεέεμήτωι
2204 2667 2269 2720 A.
2315 2669 2486 2736 ἔργωι
2522 2666 2563 2722 C
2599 2670 2660 2721 et.

369 2786 518 2827 man.
554 2782 664 2823 rec.
700 2786 784 2837 γρ.
818 2770 1032 2838 τύμβῳ.
1071 2800 1135 2808 -
1172 2775 1272 2824 372
1305 2770 1468 2840 ἵλλου
1505 2769 1665 2824 Cant.
1700 2786 1829 2823 cum
1864 2768 2005 2826 aliis.
2090 2801 2093 2805 ν
2151 2775 2250 2823 373
2286 2769 2319 2823 ὃ
2354 2771 2459 2836 μὲν
2494 2768 2554 2823 C.
2590 2799 2658 2809 --

372 2844 474 2891 374
508 2838 808 2905 ςτήθεςφιν
844 2836 909 2890 G.
948 2838 1108 2904 ῶμον
1135 2836 1194 2893 L.
1230 2867 1295 2877 —
1331 2845 1432 2892 375
1467 2839 1501 2891 ὃ
1535 2840 1598 2892 δὲ
1623 2836 1680 2896 C.
1715 2839 1938 2893 ἀνεῖλκε
1975 2835 2277 2890 CDEGHS.
2315 2836 2657 2957 ἀνεῖλιὸεἴὶἱι.

370 2904 1750 3039 ἐνειιῗδΑπ-ὸῗῇξιῗιι.3333ῐὲξέ
1765 2907 2551 3041 {⁶⁶4⁷3-22120ffl2-*2351’zzm
2586 2947 2655 3027 D:

371 3071 432 3081 —-
473 3046 574 3095 380
609 3042 797 3109 βέβλη’
832 3040 901 3094 Η.
936 3043 1155 3108 ὄφελόν
1188 3058 1255 3107 γε
1291 3040 1450 3095 Vrat.
1486 3042 1553 3095 A.
1591 3072 1652 3079 —
1691 3042 2007 3119 381·0uubv
2042 3041 2258 3095 ὀλέςςαι
2293 3039 2362 3093 Η.
2398 3042 2585 3095 ὁλέςαι

371 3112 587 3174 μᾶλλον
623 3109 840 3163 ἑλέςθαι
875 3108 1027 3162 Eust.
1065 3115 1182 3174 850,
1224 3117 1301 3163 10.
1339 3140 1400 3148 —
1438 3114 1537 3163 382
1576 3112 1667 3162 καὶ
1702 3110 1882 3166 om1tt.
1910 3106 2019 3164 GL.
2057 3114 2237 3177 τρῷες
2273 3107 2330 3161 L.
2368 3138 2428 3147 —-
2467 3114 2568 3163 383
2601 3126 2635 3162 ο

368 3179 435 3230 τέ
479 3193 538 3231 ςε
576 3175 888 3232 ACDEHL.
937 3206 1002 3216 —
1046 3181 1146 3232 385
1183 3178 1337 3244 κέραι
1373 3178 1436 3229 A.
1485 3178 1620 3244 κέρα
1657 3175 1850 3230 DEGL
1896 3175 1984 3234 Et.
2018 3175 2132 3246 Mg.
2180 3183 2306 3241 504,
2344 3181 2427 3230 56.
2475 3175 2656 3231 Cram.

370 3276 476 3332 An.
502 3276 602 3332 Ox.
631 3277 700 3343 11,
726 3284 843 3342 382,
871 3284 951 3332 31.
991 3280 1125 3347 κέρᾳ
1149 3277 1221 3337 Η.
1259 3253 1383 3345 κάίρ
1408 3277 1468 3336 C.
1505 3279 1622 3346 κέρ’
1658 3276 1843 3345 Apoll.
1872 3277 2000 3331 LeX.
2026 3281 2110 3341 98,
2143 3284 2218 3331 11.
2254 3277 2407 3332 Eust.
2431 3284 2548 3344 401,
2569 3285 2650 3332 41.

370 3346 766 3413 παρθενοπίπα
802 3344 962 3415 DGL.
1012 3348 1197 3413 ἕτεροι
1242 3348 1302 3400 δὲ
1348 3349 1704 3412 παρθενοπῖα
1747 3346 2057 3415 γράφουςιν
2092 3344 2137 3397 Ε
2173 3352 2289 3404 861.
2330 3352 2410 3399 57.
2454 3375 2519 3385 -
2555 3352 2655 3399 388

369 3419 476 3467 νῦν
510 3415 561 3467 δ’
595 3414 684 3479 ἔμ’
717 3410 886 3470 Mose.
925 3420 971 3467 3.
1018 3419 1207 3481 ταρςῷ
1253 3414 1302 3465 A
1343 3413 1436 3467 oll.
1486 3411 1617 3466 Lex.
1664 3421 1748 3479 δι’),
1792 3420 1875 3469 24.
1920 3414 2110 3468 αὐτως
2153 3414 2219 3466 A.
2266 3416 2459 3470 αὕτως
2505 3412 2655 3467 GEH

369 3480 545 3535 Bekk.
584 3483 688 3534 An.
725 3486 842 3546 238,
877 3488 969 3547 273
1005 3489 1122 3543 63υ,
1160 3487 1244 3536 30.
1327 3480 1645 3550 seudoplut.
1687 3487 1797 3545 138,
1835 3489 1918 3535 30.
1963 3483 2149 3535 οὕτως
2187 3480 2366 3535 Cram.
2411 3483 2516 3536 An.
2553 3482 2653 3536 Ox.

370 3549 468 3615 111,
494 3554 578 3616 69,
609 3556 668 3603 19
705 3548 862 3616 (eod.
887 3548 937 3602 A
972 3551 1201 3608 αὕτως).
1241 3579 1302 3588 -
1338 3555 1438 3603 389
1476 3551 1555 3602 ὼς
1593 3550 1643 3603 el
1679 3567 1745 3614 με
1771 3547 2063 3602 ACDEHL
2092 3548 2276 3617 Apoll.
2304 3547 2437 3604 Lex.
2461 3556 2544 3615 22,
2571 3557 2653 3604 31.

369 3618 501 3672 ώςεί
537 3633 604 3685 με
640 3617 688 3672 G
726 3615 814 3670 Et.
853 3616 997 3671 Gud.
1033 3622 1151 3684 364,
1185 3624 1233 3672 6.
1274 3619 1414 3685 βάλῃ
1451 3615 1652 3670 Suidas
1688 3617 1730 3683 Ι,
1769 3624 1815 3683 1,
1856 3623 1969 3684 196,
2006 3625 2052 3670 5.

503 3787 569 3841 A.
604 3805 651 3841 c.
719 3793 820 3842 370
854 3787 945 3842 ἔπι
981 3786 1347 3844 Herodianus.
1392 3816 1457 3827 --
1505 3793 1607 3841 375
1641 3787 1862 3840 ἀνεῖλκε
1909 3785 2091 3840 Sohol.
2136 3785 2251 3839 BL:
2301 3786 2653 3840 Aristarchus

366 3855 596 3921 ἄνελκε,
633 3855 779 3909 conf.
815 3855 880 3908 H.
919 3855 983 3910 T.
1018 3860 1137 3910 238.
1173 3885 1238 3895 --
1274 3861 1374 3909 383
1409 3855 1465 3909 οἵ
1497 3872 1562 3909 τε
1600 3857 1659 3909 ςὲ
1693 3854 1907 3908 Alexin.
1943 3883 2007 3894 —
2045 3860 2146 3908 385
2182 3856 2283 3908 ςὺν
2317 3861 2404 3922 τῷ
2438 3856 2461 3909 i
2493 3857 2650 3921 ἐγρα-

365 3924 485 3990 ψάν
517 3939 669 3978 τινες
703 3925 775 3977 τὸ
813 3926 992 3991 κέραι,
1028 3923 1123 3977 ἵνα
1169 3927 1203 3990 ᾖ
1251 3924 1473 3990 δοτική,
1519 3924 1730 3987 ὁμοίως
1764 3924 1835 3976 τὸ
1870 3924 2028 3976 δέπαι
2067 3924 2122 3989 (κ
2159 3927 2281 3986 316)
2319 3926 2409 3976 καὶ
2449 3924 2649 3989 ,,γήραι

365 3994 482 4046 ὕπο
526 3994 788 4060 λιπαρῷ“
835 3993 890 4057 (λ
943 3994 1073 4058 136).
1129 3993 1359 4047 ,οὕτως
1406 3992 1475 4046 δὲ
1522 3994 1629 4044 καὶ
1678 3994 1865 4044 δοκεῖ
1911 3991 2315 4055 ἐπικρατεῖν
2361 3992 2395 4055 ἡ
2443 3993 2647 4057 παρά·

365 4061 569 4125 δοςιο,
616 4059 696 4113 ὡς
741 4062 831 4113 καὶ
880 4058 1145 4114 Ἀλεξίων
1190 4060 1330 4113 ἀξιοῖ
1376 4057 1829 4112 Herodianus.
1908 4057 2007 4111 alii
2051 4059 2187 4126 κέρα
2234 4060 2647 4126 πληθυντικῶς,

364 4127 511 4182 oonf.
547 4126 729 4181 Cram.
764 4130 869 4180 An.
907 4126 1007 4180 Ox.
1046 4126 1114 4194 11,
1152 4132 1268 4191 38⁶3,
1306 4133 1389 4193 ⁶29,
1424 4125 1492 4179 Η.
1519 4125 1585 4179 U.
1614 4132 1723 4179 179.
1763 4125 2143 4177 Aristarchum
2180 4127 2330 4192 κέραι
2366 4126 2648 4195 scripsisse

365 4194 571 4265 colligo
607 4211 674 4248 ex
711 4194 922 4249 scholio
961 4195 1256 4267 Aristonici
1293 4196 1416 4261 ,,ὅτι
1453 4196 1607 4262 κέραι
1643 4195 1712 4248 οὐ
1748 4199 1819 4261 τῇ
1855 4195 1999 4260 τριχὶ
2034 4196 2246 4260 ψιλῶς,
2285 4194 2412 4247 ἀλλ’
2446 4196 2650 4255 ἐμπλο-

363 4268 474 4386 52.ch
509 4281 564 4383 ln
584 4265 791 4384 Αγένος.
846 4265 915 4317 τὸ
960 4265 1021 4317 δὲ
1070 4266 1467 4331 παρθενοπῖπα
1507 4263 1658 4316 τινὲς
1696 4265 2075 4329 παρθενοπῖα,
2118 4264 2415 4330 παρθένοις
2450 4264 2648 4317 ἐοικώς

477 4347 510 4385 ο
536 4372 548 4385 .
639 4372 650 4384 .
1373 4344 1379 4349 ·
