3144 5006
1192 459 1527 513 ΙΛΙΑΔΟ(
1588 456 1789 511 XXIII.
2505 453 2632 517 323

505 613 794 693 θείομεν,
840 612 926 679 εἰς
971 613 1011 678 ὅ
1055 634 1166 679 κεν
1209 614 1406 678 αὐτὸς
1451 614 1623 689 ἐγὼν
1666 613 1831 676 Ἄϊδι
1875 612 2209 690 κεύθωμαι.

349 719 470 776 245
514 715 755 795 τύμβον
798 716 855 778 δ’
901 716 979 780 ού
1023 717 1192 794 μάλα
1236 716 1488 781 πολλὸν
1534 717 1664 790 ἐγὼ
1709 713 2050 779 πονέεςθαι
2095 710 2356 793 ἄνωγα,

512 814 654 879 ἀλλ’
699 817 977 882 ἐπιεικέα
1019 820 1233 884 τοῖον·
1282 818 1500 883 ἔπειτα
1546 819 1619 882 δὲ
1664 816 1762 881 καὶ
1807 817 1924 881 τὸν
1969 815 2213 893 Ἀχαιοὶ
2397 817 2402 822 “

516 917 711 996 εὐρύν
758 919 814 983 θ’
862 917 1119 998 ὑψηλόν
1162 941 1231 984 τε
1276 920 1629 999 τιθήμεναι,
1679 917 1744 983 οἵ
1786 937 1917 996 κεν,
1943 917 2118 996 ἐμεῖο

512 1021 804 1098 δεύτεροι
849 1021 923 1085 ἐν
966 1022 1174 1100 νήεςςι
1217 1021 1585 1099 πολυκλήιςι
1632 1019 1907 1099 λίπηςθε.

691 1121 784 1187 ὣς
830 1122 1042 1205 ἔφαθ’,
1091 1124 1155 1188 οἳ
1199 1124 1255 1187 δ’
1300 1123 1604 1188 ἐπίθοντο
1649 1122 1932 1187 ποδώκεϊ
1973 1120 2319 1199 Πηλεΐωνι.

353 1226 479 1285 250
521 1227 785 1301 πρῶτον
830 1227 944 1304 μὲν
990 1227 1150 1291 κατὰ
1194 1227 1509 1304 πυρκαϊὴν
1555 1226 1780 1305 ςβέςαν
1826 1222 2046 1287 αἴθοπι
2092 1220 2289 1304 οἴνῳ,

513 1322 705 1391 ὅςςον
750 1325 854 1389 ἐπὶ
898 1328 1065 1408 φλὸξ
1111 1326 1301 1410 ἦλθε,
1351 1330 1570 1408 βαθεῖα
1615 1327 1685 1390 δὲ
1730 1327 2010 1390 κάππεςε
2055 1326 2290 1403 τέφρη·

513 1427 844 1493 κλαίοντες
889 1428 946 1492 δ’
990 1429 1249 1508 ἑτάροιο
1295 1429 1519 1507 ἐνηέος
1566 1427 1759 1492 ὀςτέα
1801 1428 1996 1493 λευκὰ

516 1527 798 1605 ἄλλεγον
846 1529 911 1594 ἐς
956 1532 1225 1610 χρυςέην
1270 1530 1513 1612 φιάλην
1558 1531 1662 1594 καὶ
1706 1529 1980 1594 δίπλακα
2026 1527 2259 1606 δημόν,

515 1630 586 1696 ἐν
633 1632 884 1714 κλιςίῃςι
932 1633 1003 1696 δὲ
1047 1633 1265 1697 θέντες
1309 1633 1481 1712 ἑανῷ
1526 1632 1645 1696 λιτὶ
1688 1632 2017 1710 κάλυψαν·

349 1737 471 1796 255
516 1733 930 1812 τορνώςαντο
975 1736 1046 1798 δὲ
1092 1737 1252 1814 ςῆμα
1296 1734 1575 1813 θεμείλιά
1617 1753 1686 1797 τε
1731 1733 2178 1813 προβάλοντο-

524 1834 689 1915 ἀμφὶ
732 1836 974 1914 πυρήν·
1019 1834 1319 1914 εἶθαρδὲ
1362 1837 1560 1915 χυτὴν
1608 1835 1710 1899 ἐπὶ
1754 1839 1945 1910 γαῖαν
1992 1835 2248 1913 ἔχευαν.

522 1936 828 2015 χεύαντες
874 1940 943 2001 δ“ε
989 1938 1065 2000 τὸ
1112 1942 1273 2017 ςῆμα
1315 1938 1510 2002 πάλιν
1556 1937 1714 2002 κίον.
1803 1936 2005 2017 αὐτὰρ
2051 1934 2375 2014 Ἀχιλλεὺς

526 2037 727 2124 αὐτοῦ
773 2038 936 2102 λαὸν
982 2038 1168 2116 ἔρυκε
1214 2041 1312 2103 καὶ
1353 2039 1574 2105 ἵζανεν
1622 2038 1818 2117 εὐρὺν
1865 2038 2124 2121 ἀγῶνα,

522 2143 702 2217 νηῶν
747 2139 803 2202 δ’
847 2139 1066 2220 ἔκφερ’
1111 2140 1341 2224 ἄεθλα,
1389 2140 1657 2221 λέβητάς
1700 2161 1767 2204 τε
1812 2138 2121 2218 τρίποδάς
2165 2159 2266 2222 τε,

352 2246 478 2305 260
517 2239 762 2305 ἵππους
805 2241 861 2304 θ’
903 2242 1207 2321 ἡμιόνους
1250 2263 1320 2306 τε
1369 2248 1541 2323 βοῶν
1589 2243 1643 2306 τ’
1684 2240 1913 2322 ἴφθιμα
1958 2241 2233 2321 κάρηνα,

524 2342 638 2421 ἠδὲ
682 2345 986 2419 γυναῖκας
1031 2344 1357 2410 ἑυζώνους
1401 2345 1639 2410 πολιόν
1684 2365 1752 2408 τε
1799 2344 2078 2429 ςίδηρον.

693 2443 988 2510 ἱππεῦςιν
1034 2446 1149 2525 μὲν
1193 2449 1421 2526 πρῶτα
1463 2445 1823 2512 ποδώκεςιν
1869 2444 2054 2522 ἀγλά’
2100 2443 2296 2511 ἄεθλα

523 2549 672 2624 θῆκε
716 2549 985 2621 γυναῖκα
1033 2546 1290 2622 ἄγεςθαι
1334 2547 1634 2627 ἀμύμονα
1679 2548 1836 2627 ἔργα
1880 2547 2089 2613 ἰδυῖαν

520 2648 621 2711 καὶ
662 2648 913 2726 τρίποδ’
957 2646 1263 2713 ὠτώεντα
1306 2650 2004 2732 δυωκαιεικοςίμετρον,

492 2779 558 2839 V,
596 2799 645 2833 1..
714 2786 816 2833 244
852 2781 929 2834 εἰς
968 2782 999 2835 ὅ
1038 2799 1134 2835 κεν
1172 2781 1244 2834 A:
1284 2782 1456 2836 ceteri
1496 2782 1727 2837 εἰςόκεν.
1768 2783 1881 2847 ἐγὼ
1920 2780 2053 2836 CEL
2092 2780 2250 2834 Vrat.
2289 2783 2349 2838 A.
2388 2783 2450 2835 ἐν
2485 2783 2592 2835 ἄλλ

355 2851 528 2904 αὐτὸς
564 2848 669 2901 ἰὼν
695 2849 757 2901 A.
796 2850 1084 2913 κεύθωμαι
1109 2848 1440 2904 CDEGHLS
1478 2849 1598 2920 Syr.
1626 2850 1785 2904 Cant.
1821 2849 1959 2908 Mor.
1988 2850 2215 2906 Barocc.
2244 2849 2396 2903 Harl.
2432 2848 2607 2903 Town
2632 2888 2645 2901 .

352 2918 522 2971 Mose.
562 2924 614 2971 2.
654 2918 824 2970 κεύθο
867 2932 922 2970 αι
960 2916 1153 2971 Zonar.
1202 2916 1332 2971 Leit.
1383 2924 1527 2972 1200.
1580 2921 1901 2981 κλεύθωμαι
1938 2920 2003 2971 A.
2050 2921 2363 2981 κλεύθομαι
2406 2918 2494 2971 Et.
2531 2917 2643 2985 Mg.

356 2992 475 3045 517,
512 2990 593 3038 45.
633 2983 776 3040 conf.
814 2934 1052 3053 fiesych.
1090 2984 1162 3051 ΙΙ,
1200 2992 1315 3039 491.
1355 3015 1416 3024 —-
1457 2991 1555 3039 247
1594 2987 1753 3051 ἐμοῖο
1791 2984 1839 3040 G
1877 2985 2102 3040 Barocc.
2141 2985 2300 3039 Vrat.
2339 2985 2390 3039 d.
2430 3016 2496 3025 —
2542 2990 2645 3037 248

354 3071 621 3136 δεύτερον
656 3067 704 3121 D
743 3066 896 3125 Eust.
940 3075 1085 3135 1298,
1123 3076 1180 3134 2;
1219 3070 1318 3124 sed
1347 3077 1493 3135 1298,
1532 3076 1564 3125 θ
1601 3072 1867 3139 δεύτεροι.
1903 3073 1966 3126 ἐν
2002 3072 2180 3126 omitt.
2207 3070 2274 3123 H.
2314 3059 2648 3134 πολϋκληῖςί·

357 3136 430 3192 H.
470 3139 802 3203 πολυκληῑςι
839 3136 902 3190 G.
941 3140 1170 3192 λϊπεςθε
1210 3137 1261 3191 Η
1298 3137 1454 3196 Vrat.
1492 3138 1543 3192 d.
1585 3166 1644 3178 «-
1684 3145 1783 3192 249
1820 3143 1900 3195 ὡς
1936 3142 2001 3192 A.
2050 3140 2158 3195 οἵδ’
2196 3137 2406 3193 CGHL.
2453 3138 2648 3194 ΔΕΠΙ-

361 3206 610 3260 ΘΟΝΤΟ
647 3203 769 3271 Syr.
810 3205 1109 3260 ἐπείθοντο
1144 3205 1212 3259 Η.
1254 3236 1316 3247 ——
1354 3212 1453 3261 250
1489 3224 1633 3261 κατα
1669 3206 1764 3261 AC
1789 3207 1910 3276 Syr.
1935 3238 2000 3247 —
2036 3214 2133 3262 251
2173 3208 2264 3261 ἐπι
2300 3204 2646 3261 ACDEGHL
2757 3198 2766 3205 ’

356 3342 485 3410 poet
527 3355 635 3396 ras.
681 3338 802 3408 Syr.
858 3342 1050 3408 βαθεία
1092 3358 1156 3395 τε
1202 3339 1268 3393 D.
1316 3305 1382 3395 δὲ
1432 3345 1495 3395 A.
1548 3343 1611 3396 ἐν
1657 3344 1811 3411 ἄλλῳ
1862 3343 2148 3397 κάππεςεν
2192 3344 2301 3410 ὕλη
2340 3345 2405 3396 A.
2448 3372 2506 3380 —
2546 3347 2646 3395 252

356 3408 653 3462 κλαίοντος
690 3407 750 3462 L.
802 3439 857 3447 -
907 3416 1006 3463 253
1042 3411 1313 3471 ςύλλεγον
1347 3407 1484 3463 Mor.
1533 3411 1590 3465 ἐς
1627 3410 1811 3467 omitt.
1847 3409 1915 3463 H.
1967 3413 2177 3478 χρύςην
2222 3414 2287 3466 A.
2335 3413 2543 3477 χρυςήν
2580 3408 2646 3467 D.

357 3476 589 3544 χρυςίην
624 3475 684 3528 L.
720 3505 785 3515 —
824 3483 922 3531 254
959 3479 1133 3545 κλιςίῃ
1174 3476 1332 3530 EHL.
1382 3478 1439 3531 ἐς
1479 3478 1691 3545 κλιςίην
1729 3477 1881 3534 Vrat.
1921 3479 1989 3532 A.
2037 3480 2087 3533 δ’
2122 3480 2379 3533 ἐνθέντες
2415 3477 2457 3530 1,
2495 3478 2645 3545 Lips.

357 3548 509 3611 ἑανῷ
546 3543 590 3596 L
624 3542 773 3613 Lips.
809 3543 957 3599 Flor.
997 3554 1168 3600 εανωι
1203 3544 1271 3597 D.
1322 3575 1380 3584 —-
1430 3552 1529 3600 255
1565 3545 1864 3613 τόρνωςάν
1900 3563 1963 3600 τε
2007 3545 2094 3599 Et..
2135 3546 2244 3615 Mg.
2284 3552 2401 3611 762,
2440 3552 2522 3600 26.
2561 3549 2647 3599 θε-

359 3649 540 3716 μείλια
569 3612 638 3701 δὲ
675 3648 737 3699 A.
776 3649 1170 3715 προβάλλοντο
1206 3646 1325 3705 DH.
1364 3678 1422 3687 —
1465 3654 1565 3702 256
1601 3649 1743 3715 ἀμφι
1780 3649 1896 3703 AD.
1944 3650 2034 3703 ἐπι
2071 3648 2190 3702 DH.
2230 3651 2465 3717 ἔχευςαν
2500 3648 2648 3717 Lipe,

360 3725 405 3774 1.
441 3732 590 3769 man.
648 3744 715 3754 —
768 3720 865 3769 257
913 3718 1177 3784 χεύανδες
1224 3716 1288 3769 A.
1346 3717 1569 3782 ἀχϊλεὺς
1619 3715 1674 3770 C.
1718 3747 1781 3756 -
1834 3723 1928 3770 261
1985 3718 2268 3772 εὐζώνους
2303 3716 2370 3774 Η.
2427 3747 2492 3756 -
2546 3723 2648 3770 262

356 3786 583 3839 ἱππεῠςι
622 3781 772 3835 DEH
816 3782 964 3841 Flor.
1011 3785 1155 3849 ἀγλα
1199 3782 1321 3841 DH.
1360 3786 1542 3849 ἀγλαὰ
1581 3784 1639 3838 C.
1695 3815 1754 3824 —
1803 3790 1901 3839 263
1948 3786 2064 3851 ἔργ’
2100 3786 2311 3839 εἰδυῖαν
2348 3782 2649 3838 ACDGHL

360 3852 480 3920 Syr.
517 3854 654 3918 ἔργα
689 3851 903 3906 είδυῖαν
927 3852 971 3905 Ε
1008 3851 1109 3906 bis.
1135 3882 1198 3891 —
1222 3859 1324 3907 264
1360 3854 1618 3907 ὡτόεντα
1642 3851 1691 3904 D
1719 3848 1866 3921 Lips.
1902 3854 2022 3906 δύω
2061 3855 2152 3907 καὶ
2178 3852 2555 3919 είκοςίμετρον
2580 3853 2645 3906 Α.

364 3954 482 4006 δύω
531 3954 622 4006 καὶ
658 3951 1037 4022 είκοςίμετρον
1074 3954 1166 4009 CD
1207 3956 1356 4022 (δύο)
1392 3952 1604 4012 EGHL.
1638 3956 1786 4008 τινὲς
1823 3922 2387 4021 προάγουῖΓύῗὲν
2414 3955 2493 4008 ὡς
2520 3954 2649 4017 μίαν

497 4078 559 4126 A.
596 4092 643 4127 c.
712 4079 811 4127 214
846 4076 933 4128 ὅτι
970 4077 1112 4128 κατὰ
1138 4076 1428 4141 ςυγκοπὴν
1452 4075 1776 4138 κλεύθωμαι
1812 4074 1938 4126 ἀντὶ
1963 4078 2066 4126 τοῦ
2106 4073 2486 4136 κελεύθωμαι,
2524 4071 2650 4125 οἷον

364 4144 672 4209 πορεύομαι
700 4141 1150 4195 Aristonicus.
1178 4144 1307 4196 ἀντὶ
1331 4145 1434 4195 τοῦ
1461 4142 1841 4207 κελεύθωμαι,
1877 4144 2206 4219 πορεύομαι.
2244 4142 2393 4194 τινες
2429 4141 2490 4192 δὲ
2528 4142 2649 4192 κεύ-

365 4216 566 4275 θωμαι,
601 4211 706 4262 οὐκ
743 4211 804 4263 εὖ
831 4209 1012 4263 Schol.
1040 4208 1104 4263 V.
1140 4247 1203 4255 —
1241 4215 1342 4262 254
1378 4210 1486 4261 λιτὶ
1522 4208 1890 4262 Aristarchum
1922 4238 1982 4246 —-
2021 4212 2284 4261 259-261
2325 4207 2518 4260 obelos
2554 4206 2646 4259 ha-

364 4279 506 4331 bent
528 4276 780 4344 adpictus
802 4276 861 4328 in
884 4278 960 4342 A,
984 4278 1057 4330 ad
1121 4294 1220 4332 uos
1244 4275 1455 4331 excidit
1476 4275 1750 4330 scholium
1777 4276 2091 4330 Aristonici.
2116 4279 2206 4329 καὶ
2233 4275 2384 4342 παρὰ
2411 4277 2652 4341 Ἀριςτο-

368 4345 536 4413 φάνει
573 4343 839 4412 ἠθέτηται
873 4351 1046 4398 τοῦτο
1082 4295 1266 4399 gobel.
1305 4344 1372 4399 V.
1408 4374 1466 4383 —·
1495 4350 1595 4398 262
1632 4345 1919 4399 ίππεῠςινε
1957 4345 2105 4397 τινὲς
2139 4344 2356 4397 ἵπποιςι
2381 4341 2650 4400 Schol.V.

364 4443 431 4452 —
457 4417 556 4465 264
590 4412 908 4466 οὐατόεντα
940 4411 1194 4479 Hcynius
1229 4413 1471 4466 coniecit
1503 4428 1614 4465 non
1651 4410 1830 4479 male,
1870 4414 2192 4478 comparato
2229 4414 2336 4476 θὴρ
2373 4410 2648 4472 οὐατόεις,

365 4496 479 4551 quo
504 4478 877 4534 Callimachus
914 4497 1041 4533 usus
1068 4484 1155 4532 cet
1176 4481 1321 4533 teste
1345 4479 1658 4538 EustathiO.
1683 4479 2300 4545 δυωκαιεικοςίμετρονε
2336 4478 2439 4544 ὑφ’
2471 4477 2534 4531 ἓν
2572 4478 2652 4532 ὡς

2137 4563 2245 4619 21*
