3144 5006
444 344 528 407 24
1367 341 1699 395 ιΛιΑΔος
1755 339 1818 392 Ν.

794 497 883 561 ὣς
928 496 1137 579 ἔφαθ’,
1184 497 1248 558 οἳ
1294 496 1351 560 δ’
1393 495 1519 574 ἄρα
1562 494 1795 558 πάντες
1829 493 1944 557 ἕνα
1987 494 2174 573 φρεςὶ
2217 494 2419 573 θυμὸν
2462 492 2727 572 ἔχοντες

618 598 868 677 πληςίοι
909 597 1207 680 ἔςτηςαν,
1254 598 1420 662 ςάκε’
1462 596 1685 675 ὤμοιςι
1727 593 2076 660 κλίναντες.

616 700 861 766 Αἰνείας
906 701 964 764 δ’
1008 700 1318 778 ἑτέρωθεν
1362 698 1654 762 ἐκέκλετο
1700 695 1797 761 οἷς
1841 696 2145 779 ἑτάροιςι,

452 807 578 865 490
623 802 968 883 Δηίφοβόν
1015 822 1082 865 τε
1125 802 1335 879 Πάριν
1380 799 1432 863 τ’
1477 799 1725 876 ἑςορῶν
1772 798 1872 863 καὶ
1916 798 2232 878 Ἀγήνορα
2278 801 2450 882 δῖον,

622 902 687 967 οἵ
733 902 793 967 οἱ
839 902 943 980 ἅμ’
987 901 1296 979 ἡγεμόνες
1340 901 1587 979 Τρώων
1632 898 1814 965 ἔςαν·
1862 899 2065 979 αὐτὰρ
2110 900 2333 965 ἔπειτα

622 1005 768 1068 λαοὶ
812 1003 1063 1084 ἕπονθ’,
1112 1003 1202 1067 ὡς
1247 1000 1304 1067 εἴ
1347 1022 1417 1067 τε
1461 1002 1618 1083 μετὰ
1664 1001 1881 1068 κτίλον
1927 1002 2155 1067 ἕςπετο
2199 1005 2367 1081 μῆλα

621 1105 867 1185 πιόμεν’
913 1106 981 1169 ἐκ
1027 1104 1329 1184 βοτάνης·
1377 1104 1646 1180 γάνυται
1690 1105 1748 1168 δ’
1790 1103 1917 1183 ἄρα
1959 1125 2028 1169 τε
2073 1104 2288 1185 φρένα
2329 1105 2596 1183 ποιμήν·

623 1208 713 1272 ὣς
756 1207 969 1289 Αἰνείᾳ
1015 1205 1215 1286 θυμὸς
1257 1206 1356 1271 ἐνὶ
1400 1206 1676 1284 ςτήθεςςι
1721 1209 2005 1289 γεγήθει,

451 1315 573 1373 495
620 1308 709 1374 ὡς
754 1297 872 1373 ἴδε’
898 1312 1072 1373 λαῶν
1120 1307 1308 1373 ἔθνος
1353 1307 1781 1387 ἐπιςπόμενον
1825 1309 1924 1373 ἑοῖ
1965 1308 2163 1392 αὐτῷ.

798 1409 866 1474 οἳ
909 1409 966 1475 δ’
1010 1409 1171 1490 ἀμφ’
1215 1409 1540 1492 Ἀλκαθόῳ
1586 1409 1977 1489 αὐτοςχεδὸν
2025 1409 2403 1489 ὡρμήθηςαν

622 1513 905 1591 μακροῑςι
948 1514 1245 1579 ξυςτοῑςι·
1290 1512 1438 1591 περὶ
1481 1511 1760 1589 ςτήθεςςι
1806 1512 1877 1576 δὲ
1920 1511 2157 1590 χαλκὸς

626 1612 1015 1693 ςμερδαλέον
1060 1613 1354 1694 κονάβιζε
1398 1612 1866 1692 τιτυςκομένων
1909 1613 2056 1677 καθ’
2101 1612 2330 1693 ὅμιλον

623 1715 955 1794 ἀλλήλων·
999 1714 1119 1780 δύο
1165 1714 1224 1779 δ’
1265 1713 1498 1794 ἄνδρες
1543 1712 1756 1793 ἀρήιοι
1799 1714 2033 1793 ἔξοχον
2079 1713 2332 1796 ἄλλων,

456 1824 583 1883 500
628 1816 871 1884 Αἰνείας
915 1836 986 1881 τε
1031 1817 1130 1881 καὶ
1174 1815 1558 1897 Ἰδομενεύς,
1603 1814 1950 1882 ἀτάλαντοι
1994 1818 2206 1897 Ἄρηι,

620 1919 785 1984 ἵεντ’
829 1918 1134 1997 ἀλλήλων
1178 1919 1429 1997 ταμέειν
1475 1917 1641 1997 χρόα
1682 1919 1863 1996 νηλέι
1905 1920 2152 2002 χαλκῷ·

627 2020 872 2086 Αἰνείας
917 2022 988 2085 δὲ
1033 2024 1291 2098 πρῶτος
1335 2019 1664 2084 ἀκόντιςεν
1709 2018 2095 2100 Ἰδομενῆος·

625 2122 769 2187 ἀλλ’
812 2121 849 2185 ὃ
893 2122 1008 2199 μὲν
1051 2120 1215 2185 ἄντα
1256 2119 1414 2186 ἰδὼν
1459 2105 1737 2200 ἠλεύατο
1780 2121 2057 2200 χάλκεον
2103 2122 2321 2202 ἔγχος,

630 2224 817 2303 αἰχμὴ
862 2222 920 2287 δ’
962 2222 1216 2287 Αἰνείαο
1260 2223 1725 2301 κραδαινομένη
1770 2223 1931 2287 κατὰ
1975 2223 2157 2302 γαίης

460 2332 582 2390 505
631 2325 837 2410 ᾤχετ’,
881 2322 1021 2388 ἐπεί
1066 2321 1123 2402 ῥ’
1165 2321 1353 2388 ἅλιον
1398 2326 1689 2403 ςτιβαρῆς
1734 2321 1865 2389 ἀπὸ
1910 2326 2124 2404 χειρὸς
2166 2323 2458 2404 ὄρουςεν.

630 2426 981 2509 Ἰδομενεὺς
1025 2425 1082 2491 δ’
1126 2422 1254 2503 ἄρα
1297 2423 1624 2503 Οἰνόμαον
1672 2425 1823 2507 βάλε
1867 2428 2143 2507 γαςτέρα
2187 2427 2445 2511 μέςςην,

631 2528 776 2608 ῥῆξε
823 2529 895 2593 δὲ
938 2529 1229 2607 θώρηκος
1273 2527 1540 2610 γύαλον,
1587 2529 1693 2592 διὰ
1736 2528 1792 2592 δ’
1835 2527 2063 2608 ἔντερα
2103 2532 2340 2610 χαλκὸς

627 2630 847 2711 ἤφυς’·
896 2630 935 2694 ὃ
981 2630 1038 2693 δ’
1081 2628 1153 2694 ἐν
1197 2628 1437 2712 κονίηςι
1482 2631 1698 2695 πεςὼν
1744 2629 1848 2695 ἕλε
1892 2635 2085 2708 γαῖαν
2130 2632 2403 2716 άγοςτῷ.

627 2732 977 2813 Ἰδομενεὺς
1022 2730 1079 2795 δ’
1123 2730 1192 2794 ἐκ
1237 2732 1352 2810 μὲν
1397 2731 1628 2796 νέκυος
1671 2732 2073 2812 δολιχόςκιον
2117 2733 2310 2812 ἔγχος

461 2840 588 2898 510
631 2833 958 2915 ἑςπάςατ’,
1004 2831 1144 2897 οὐδ’
1187 2830 1289 2910 ἄρ’
1334 2831 1421 2897 ἔτ’
1464 2831 1632 2897 ἄλλα
1676 2833 1992 2911 δυνήςατο
2036 2834 2268 2913 τεύχεα
2309 2835 2472 2899 καλὰ

634 2935 862 3017 ὤμοιιν
909 2934 1281 3017 ἀφελέςθαι·
1326 2933 1617 3009 ἐπείγετο
1662 2935 1787 3014 γὰρ
1835 2936 2160 3017 βελέεςςιν.

636 3037 718 3102 οὐ
762 3039 885 3117 γὰρ
930 3036 1031 3102 ἔτ’
1073 3014 1344 3117 ἔμπεδα’
1361 3038 1513 3110 γυῖα
1557 3039 1785 3101 ποδῶν
1830 3035 1910 3114 ἦν
1955 3036 2325 3122 ὁρμηθέντι,

603 3239 670 3292 V.
708 3258 756 3296 1..
818 3243 917 3292 487
955 3238 1035 3293 ὡς
1072 3238 1137 3293 Α.
1176 3237 1284 3291 οἵδ’
1320 3234 1422 3290 CL.
1461 3267 1526 3277 —
1572 3242 1675 3291 488
1710 3239 1942 3293 ἔςταςαν
1979 3237 2022 3292 C
2065 3237 2211 3294 Flor.
2260 3270 2329 3280 —
2371 3245 2471 3295 489
2508 3239 2749 3306 ἑτάροιςι

470 3339 616 3397 ACG
655 3341 775 3408 Syr.
811 3370 874 3380 --
910 3346 1007 3394 491
1048 3341 1105 3394 οἵ
1138 3340 1218 3394 oi:
1257 3341 1443 3398 ΤΟΙΟΙ
1482 3343 1605 3410 Syr.
1641 3344 1852 3411 τρῴων
1886 3339 1947 3396 L.
1997 3373 2064 3381 —
2112 3348 2211 3397 492
2248 3343 2381 3398 ώςεί
2413 3341 2560 3396 libri.
2608 3358 2751 3408 μετα

468 3413 538 3463 A.
575 3411 799 3464 ἕςπεται
836 3406 901 3463 D.
923 3410 1158 3463 «ἕππετο
1193 3406 1262 3463 Η.
1298 3438 1364 3450 —-
1399 3417 1500 3465 493
1536 3411 1599 3464 δὲ
1632 3412 1740 3477 ἄρα
1775 3411 1957 3477 φρένα
1981 3408 2043 3463 L.
2077 3440 2146 3450 —
2180 3416 2281 3465 494
2317 3412 2395 3466 ὡς
2430 3411 2498 3463 A.
2533 3408 2750 3465 αἰνείαο

471 3477 524 3532 S.
563 3478 646 3531 ἑνι
681 3476 746 3532 Α.
785 3506 847 3516 -—
884 3482 986 3530 495
1026 3478 1422 3540 ἑπιςπὼμενον
1460 3477 1645 3547 Apoll.
1685 3476 1855 3546 Soph.
1893 3484 1973 3540 70,
2017 3483 2094 3536 18.
2130 3514 2195 3523 —-
2230 3483 2330 3533 496
2362 3477 2422 3535 ὀἳ
2457 3480 2507 3532 δ’
2539 3477 2606 3535 D.
2644 3478 2752 3533 οἵδ’

468 3545 572 3601 CL.
601 3575 662 3584 —
688 3550 788 3599 497
825 3560 954 3612 περι
987 3543 1144 3597 ADH
1180 3543 1300 3613 Syr.
1324 3575 1389 3586 —-
1425 3551 1528 3601 498
1562 3546 1737 3610 κονάβ
1779 3562 1837 3600 ςε
1863 3544 2020 3599 Cant.
2061 3576 2119 3586 -
2159 3551 2259 3601 499
2292 3547 2414 3600 δύω
2450 3545 2518 3603 D.
2554 3547 2751 3612 ἔξοχον

469 3612 623 3667 AGH
660 3611 780 3681 Syr.
816 3611 968 3666 Harl.
1006 3610 1220 3670 Townl.
1260 3612 1428 3668 Flor.:
1465 3615 1649 3681 ἔξοχοι
1686 3613 1727 3668 C
1781 3611 1910 3667 ELS
1948 3612 2095 3683 Lips.
2132 3613 2298 3668 Rom.
2334 3645 2400 3654 -
2447 3620 2546 3668 500
2579 3614 2644 3667 τὲ
2680 3611 2749 3666 Η.

467 3720 641 3786 ἄρηος
677 3714 740 3769 L.
776 3745 842 3754 —
878 3721 973 3770 601
999 3687 1144 3771 ἶἔειπ’
1180 3714 1271 3770 CD
1297 3714 1457 3771 Vrat.
1494 3717 1551 3771 b.
1590 3719 1735 3772 ϊεντ’
1767 3717 1834 3771 A.
1862 3745 1929 3756 -
1953 3720 2053 3770 503
2088 3717 2121 3771 ὃ
2156 3717 2258 3782 μὲν
2293 3715 2352 3770 C.
2392 3695 2589 3772 όΜὲΝ
2627 3715 2664 3770 S
2738 3759 2749 3769 .

470 3789 684 3908 {2⁵2⁴-
710 3783 1096 3918 zzme‘f.
1115 3785 1364 3906 ⁵3⁵2,·⁶13‘?
1382 3784 1943 3908 330521303-0235
1976 3781 2421 3915 §agassffl‘xz
2462 3784 2663 3908 {⁰¹2²sp
2682 3800 2754 3919 ἅς

469 3951 830 4008 ACDEGHL.
867 3984 931 3992 -
968 3958 1067 4007 512
1104 3953 1227 4006 οὐδ’
1260 3954 1330 4021 ἂρ
1365 3955 1447 4008 ἔτ’
1478 3952 1539 4015 L.
1575 3956 1887 4022 ὁρμηθῆναι
1921 3951 2058 4011 Mor,
2085 3918 2323 4007 ῗῖωοο.

608 4138 673 4192 Α.
709 4157 759 4196 c.
828 4146 927 4194 499
964 4142 1117 4196 οὕτω
1155 4142 1245 4194 διὰ
1280 4144 1385 4194 τοῦ
1420 4145 1455 4192 V
1499 4141 1696 4208 ἔξοχον
1731 4142 1935 4194 ἅπαςαι
1971 4137 2319 4207 Didymus.
2354 4146 2564 4220 —aeboe
2600 4144 2753 4208 πρῶ·

470 4222 596 4259 τοςε
635 4209 671 4271 ή
719 4211 777 4262 Α
816 4209 1151 4274 ιςτοφάνους
1199 4210 1468 4275 πρόςθεν,
1518 4211 1608 4261 καὶ
1654 4208 1877 4286 μήποτε
1914 4208 2162 4274 βέλτιον·
2209 4210 2489 4278 πρότερος
2531 4209 2638 4287 γὰρ
2682 4209 2756 4261 ἂν

476 4273 639 4327 εἶπεν
676 4272 755 4327 D1
813 4292 1018 4343 ymus.
1059 4306 1117 4315 —
1158 4282 1259 4330 510
1293 4276 1385 4344 ἄρ’
1419 4276 1502 4331 ἔτ’
1536 4277 1708 4330 ἄλλαι
1745 4274 1844 4329 alu
1877 4276 1987 4343 ἄρα
2020 4275 2200 4331 τᾶλλα
2232 4278 2381 4332 teste
2415 4275 2755 4331 Herodaano.
