3144 5006
398 425 524 488 202
1319 429 1650 484 ΙΛΙΑΔΟ(
1702 431 1765 482 Η.

569 582 635 646 ἓξ
681 581 750 646 δὲ
794 581 899 646 διὰ
945 581 1188 662 πτύχας
1232 580 1384 660 ἦλθε
1429 583 1669 648 δαΐζων
1714 583 1948 661 χαλκὸς
1994 581 2272 663 ἀτειρής·

567 682 639 747 ἑν
684 689 759 766 τῇ
806 684 861 747 δ’
905 682 1218 768 ἑβδομάτῃ
1264 684 1420 767 ῥινῷ
1466 684 1665 764 ςχέτο.
1755 684 2055 765 δεύτερος
2099 684 2252 751 αὖτε

566 784 718 851 Αἴας
765 786 1058 864 διογενὴς
1102 787 1313 865 προΐει
1356 785 1758 865 δολιχόςκιον
1804 785 2027 870 ἔγχος,
2208 798 2213 804 ’

400 890 524 949 250
567 887 668 951 καὶ
711 886 865 967 βάλε
908 887 1266 967 Πριαμίδαο
1309 887 1444 950 κατ’
1488 887 1721 953 ἀςπίδα
1764 888 2030 954 πάντος’
2075 888 2261 967 έίςην.
2377 933 2392 944 -

567 991 682 1053 διὰ
715 989 831 1068 μὲν
875 988 1141 1054 ἀςπίδος
1183 987 1336 1068 ἦλθε
1380 993 1652 1068 φαεινῆς
1698 989 1963 1070 ὄβριμον
2008 990 2237 1074 ἔγχος,

566 1092 669 1155 καὶ
711 1091 813 1156 διὰ
857 1091 1146 1169 θώρηκος
1189 1090 1677 1156 πολυδαιδάλου
1723 1090 2086 1173 ἠρήρειςτο·

565 1192 824 1271 ἀντικρὺ
868 1193 940 1257 δὲ
982 1192 1181 1271 παραὶ
1225 1192 1519 1271 λαπάρην
1563 1192 1822 1274 διάμηςε
1865 1200 2111 1273 χιτῶναμ

564 1293 787 1374 ἔγχος·
836 1294 874 1358 ὂ
919 1294 976 1357 δ’
1019 1292 1274 1373 ἐκλίνθη
1319 1294 1417 1357 καὶ
1462 1293 1740 1360 ἀλεύατο
1785 1300 1945 1376 κῆρα
1989 1297 2308 1375 μέλαιναν.

396 1400 518 1457 255
564 1397 655 1460 τὼ
702 1396 758 1460 δ’
802 1396 1288 1476 ἐκςπαςςαμένω
1333 1396 1536 1474 δολίχ’
1579 1395 1771 1476 ἔγχεα
1815 1398 2026 1477 χερςὶν
2072 1397 2176 1476 ἅμ’
2219 1396 2412 1477 ἄμφω

566 1497 677 1564 ςύν
725 1496 781 1576 ῥ’
823 1497 1057 1563 ἔπεςον
1107 1496 1381 1563 λείουςιν
1425 1497 1706 1563 ἐοικότες
1751 1499 2214 1591 ὠμοφάγοιςιν,

564 1601 601 1678 ἢ
649 1601 780 1664 ςυςὶ
824 1599 1185 1683 κάπροιςιν,
1232 1604 1361 1665 τῶν
1408 1620 1475 1664 τε
1520 1601 1745 1665 ςθένος
1789 1600 1907 1665 οὐκ
1951 1599 2340 1667 ἀλαπαδνόν.

560 1701 911 1781 Πριαμίδης
953 1701 1069 1779 μὲν
1115 1700 1334 1766 ἔπειτα
1378 1702 1570 1780 μὲςον
1616 1702 1805 1768 ςάκος
1851 1702 2075 1768 οὔταςε
2123 1703 2336 1786 δουρί,

564 1803 705 1870 οὐδ’
749 1802 1013 1884 ἔῤῥηξεν
1060 1804 1324 1884 χαλκός,
1372 1802 1792 1884 ἀνεγνάμφθη
1839 1803 1911 1868 δέ
1957 1803 2017 1869 οἱ
2062 1804 2267 1883 αἰχμή.

394 1912 518 1969 260
559 1905 714 1970 Αἴας
758 1904 814 1968 δ’
857 1903 1089 1970 ἀςπίδα
1133 1905 1320 1970 νύξεν
1365 1904 1752 1985 ἐπάλμενος·
1797 1906 1836 1985 ἢ
1880 1906 1952 1970 δὲ
1994 1907 2099 1971 διά
2144 1907 2271 1986 πρὸ

561 2008 794 2087 ἤλυθεν
838 2005 1082 2089 ἐγχείη,
1128 2006 1495 2087 ςτρυφέλιξε
1541 2007 1613 2072 δέ
1658 2027 1761 2086 μιν
1807 2010 2134 2085 μεμαῶτα,
2306 1994 2311 2005 ’

561 2110 803 2188 τμήδην
849 2109 904 2173 δ’
949 2108 1166 2188 αὐχέν’
1209 2107 1473 2186 ἐπῆλθε,
1519 2109 1720 2186 μέλαν
1765 2107 1822 2172 δ’
1864 2107 2194 2187 ἀνεκήκιεν
2239 2108 2408 2187 αἷμα.

561 2210 701 2276 ἀλλ’
746 2209 887 2276 οὐδ’
930 2210 1017 2274 ὧς
1062 2208 1343 2289 ἀπέληγε
1387 2209 1588 2289 μάχης
1634 2210 2058 2288 κορυθαίολος
2101 2210 2377 2293 Ἕκτωρ,

562 2311 705 2377 ἀλλ’
748 2311 1266 2391 ἀναχαςςάμενος
1310 2310 1490 2376 λίθον
1535 2309 1745 2376 εἵλετο
1793 2310 1952 2390 χειρὶ
1995 2310 2224 2396 παχείῃ

394 2420 514 2478 265
561 2414 853 2492 κείμενον
898 2413 970 2478 ἐν
1013 2414 1249 2495 πεδίῳ,
1293 2413 1563 2495 μέλανα,
1610 2412 1849 2492 τρηχύν
1893 2432 1959 2477 τε
2006 2411 2206 2490 μέγαν
2250 2432 2348 2477 τε·

561 2523 653 2595 τῷ
699 2516 895 2596 βάλεν
938 2513 1207 2580 Αἴαντος
1252 2515 1469 2579 δεινὸν
1515 2513 1706 2580 ςάκος
1750 2513 2130 2594 ἑπταβόειον

561 2619 790 2699 με’ςςον
836 2617 1273 2698 ἐπομφάλιον·
1318 2616 1698 2696 περιήχηςεν
1743 2616 1800 2681 δ’
1843 2614 1969 2695 ἄρα
2012 2616 2266 2696 χαλκός.

561 2721 860 2800 δεύτερος
902 2717 1041 2783 αὖτ’
1084 2717 1234 2782 Αἴας
1279 2718 1450 2783 πολὺ
1493 2719 1754 2796 μείζονα
1799 2720 1962 2783 λᾶαν
2006 2717 2221 2797 ἀείρας

560 2819 658 2900 ἧκ’
701 2820 1087 2898 ἐπιδινήςας,
1133 2819 1416 2900 ἑπέρειςε
1461 2820 1532 2885 δὲ
1575 2818 1662 2886 ἶν’
1706 2820 2088 2903 ἀπέλεθρον,

393 2931 519 2989 270
561 2923 710 2989 εἴςω
754 2924 810 2989 δ’
855 2921 1061 2988 ἀςπίδ’
1105 2920 1249 2987 ἔαξε
1296 2923 1512 3001 βαλὼν
1556 2923 1879 3000 μυλοειδέι
1925 2923 2142 3006 πέτρῳ
2154 2971 2172 3005 ,

563 3025 770 3107 βλάψε
815 3024 887 3090 δέ
930 3023 994 3089 οἱ
1037 3024 1197 3104 φίλα
1240 3023 1532 3112 γούναθ’·
1580 3025 1618 3088 ὃ
1665 3024 1724 3088 δ’
1765 3024 1988 3090 ὕπτιος
2034 3024 2406 3103 ἐξετανύςθη

560 3127 771 3191 ἀςπίδι
817 3125 1249 3205 ἐγχριμφθείς·
1295 3126 1412 3191 τὸν
1457 3126 1514 3189 δ’
1558 3125 1702 3204 αἶψ’
1747 3125 2050 3205 ὤρθωςεν
2095 3125 2451 3191 Ἀπόλλων.

527 3294 595 3347 V.
638 3312 688 3347 L.
737 3298 836 3347 247
872 3294 959 3347 δια
982 3292 1046 3345 A.
1083 3321 1149 3330 —
1183 3296 1285 3345 248
1321 3292 1599 3360 ἑβδομάτῃ
1637 3293 1699 3345 δὲ
1732 3293 1872 3360 ῥῖνῶ
1899 3291 1966 3344 Η.
2002 3321 2054 3331 -
2103 3297 2206 3346 250
2240 3294 2407 3358 βάλλε
2431 3291 2499 3346 D.
2536 3294 2672 3349 πάν-

390 3396 520 3436 τοςε
557 3380 679 3443 ἷςην
714 3375 866 3431 CHS.
904 3376 1166 3430 πάντοςέ
1198 3359 1324 3444 ’ἷςην
1347 3375 1414 3429 D.
1451 3378 1698 3430 πάντοςε
1721 3379 1846 3444 ῑςην
1870 3376 1935 3430 A.
1980 3407 2032 3414 -
2073 3382 2169 3431 251
2208 3378 2481 3444 ὄμβριμον
2505 3375 2671 3432 CGH.

391 3478 456 3488 -
493 3451 591 3500 254
627 3446 660 3499 δ
696 3445 747 3498 δ’
780 3443 849 3500 D.
887 3445 973 3498 ὅδ’
1008 3442 1161 3498 CGL.
1203 3475 1263 3487 —
1302 3450 1401 3498 255
1436 3445 1835 3511 ἑκςπαςαμένω
1872 3441 2035 3503 GHL.
2071 3444 2473 3506 ἐκςπαςάμενοι
2507 3444 2570 3498 Ε.
2604 3474 2673 3485 -

388 3521 488 3571 257
524 3515 560 3579 ἦ
597 3514 663 3566 A.
700 3513 950 3579 κάπροιςι
987 3509 1196 3567 CDEG.
1241 3542 1306 3553 ·-
1352 3517 1452 3565 259
1487 3513 1683 3580 ἔρρηξε
1720 3510 1815 3576 GL
1849 3518 1897 3568 2.
1944 3528 2075 3566 man
2131 3511 2346 3568 Townl.
2390 3514 2598 3579 χαλκὸς
2634 3511 2672 3566 S

392 3581 632 3637 TownL:
672 3581 884 3646 χαλκὸν
918 3578 1276 3636 ACDEGHL.
1316 3581 1645 3647 ἀνεγνάφθη
1673 3578 1722 3634 G
1746 3578 1885 3633 Mor.
1919 3580 2255 3648 ἀνεγνάμφη
2291 3578 2438 3650 Lipe.
2474 3610 2537 3619 —
2573 3585 2674 3634 260

390 3654 426 3719 ἣ
463 3651 525 3706 δὲ
561 3647 619 3703 Ο.
654 3649 743 3702 διὰ
778 3649 890 3716 πρὸ
926 3645 994 3699 L:
1041 3648 1215 3702 ceteri
1257 3651 1391 3702 διαπ
1429 3648 1478 3702 ὸ.
1528 3678 1591 3686 -—
1628 3654 1727 3701 262
1763 3647 2025 3715 τυδείδην
2059 3645 2108 3700 D
2145 3650 2207 3701 et
2249 3662 2395 3701 man.
2436 3663 2543 3702 rec.
2617 3665 2669 3716 ρ.

390 3720 627 3787 τμήδην.
697 3716 1001 3782 ἀνακήκιεν
1046 3713 1230 3770 Schol.
1277 3715 1387 3785 Sop
1432 3756 1443 3769 .
1489 3715 1631 3768 Phil.
1676 3721 1792 3770 697.
1848 3746 1913 3756 -
1965 3720 2065 3770 263
2109 3715 2189 3769 ὧς
2233 3716 2307 3769 A:
2354 3715 2528 3769 ceteri
2574 3664 2669 3769 ὦς.

390 3785 754 3883 κορυθαίολος
792 3785 855 3838 A.
894 3814 956 3822 -
992 3787 1092 3836 264
1127 3785 1543 3851 ἀναχαςάμενος
1579 3783 1640 3840 Ε.
1677 3814 1742 3822 -
1777 3788 1878 3838 265
1912 3785 2125 3852 τραχύν
2162 3781 2227 3837 G.
2265 3813 2329 3824 —
2363 3787 2463 3837 267
2500 3783 2672 3850 ἑπόμ-

391 3890 598 3957 φάλιον
633 3888 700 3941 A.
740 3886 832 3940 ἐπ’
866 3885 1148 4005 ὀμῧάλιον
1175 3884 1222 3938 G
1248 3884 1406 3939 Cant.
1431 3883 1568 3939 Mor.
1596 3883 1754 3941 Vrat.
1789 3885 1852 3940 A.
1892 3884 2060 3938 Mose.
2100 3889 2144 3936 1.
2183 3886 2482 4007 περιήέιξε
2505 3882 2669 3938 DEG.

389 3988 458 3997 -·-
491 3961 591 4010 268
636 3956 906 4021 δεύτερον
995 3992 1007 4005 .
1054 3953 1198 4006 λάαν
1234 3951 1299 4006 G.
1354 3984 1406 3990 ν-
1453 3957 1555 4006 269
1600 3953 1835 4021 ἑπέρηςε
1874 3953 1937 4006 A.
1987 3982 2053 3991 —
2098 3957 2192 4004 271
2234 3952 2321 4006 ὅδ’
2452 3951 2566 4006 HL.
2606 3983 2671 3992 —

390 4031 489 4079 272
514 4023 696 4080 ἀςπίδι
721 4020 1073 4090 ἐγχριμφθείς
1099 4019 1446 4075 ACEGHLS.
1480 4021 1796 4088 ἑγχριφθείς
1820 4018 1896 4073 D:
1924 4020 2106 4075 ἀσπίδ’
2131 4020 2507 4089 ἐνιχριμφθείς
2532 4018 2668 4078 Mor.

525 4160 589 4212 A.
638 4175 685 4210 c.
747 4142 870 4224 256,
906 4163 1005 4213 257
1051 4157 1187 4212 τοὺς
1241 4156 1458 4225 ςτίχους
1501 4156 1741 4211 τούτους
1785 4155 1854 4210 οὐ
1901 4155 2220 4224 προςίενται
2263 4157 2427 4223 ἔνιοι,
2482 4156 2673 4224 ὥςπερ

390 4228 523 4282 οὐδὲ
555 4226 880 4295 Ζηνόδοτος
916 4224 1098 4279 Schol.
1134 4226 1199 4279 A.
1247 4254 1313 4263 —
1356 4230 1455 4279 259
1489 4223 1815 4293 ἀρίςταρχος
1859 4225 1948 4278 διὰ
1988 4228 2092 4277 τοῦ
2127 4229 2179 4279 ἶ
2223 4225 2429 4290 χαλκός
2464 4222 2592 4276 Did
2603 4241 2672 4293 y-

391 4311 557 4358 muS,
597 4291 739 4347 conf.
769 4294 804 4347 Γ
827 4298 943 4359 348,
977 4295 1014 4346 Ρ
1041 4298 1122 4348 44.
1151 4323 1214 4332 -
1238 4298 1337 4347 272
1362 4292 1690 4360 ἀρίςταρχος
1714 4290 1899 4346 ἀςπίδ’
1920 4291 2295 4413 ἐνιχξηὶιιφθείς
2320 4289 2669 4360 Didymus,

392 4360 535 4416 conf.
573 4359 638 4412 H.
676 4357 744 4413 U.
785 4365 893 4416 127.
944 4362 1098 4427 αἶψέ
1136 4362 1322 4415 οὕτως
1359 4361 1739 4428 Ἀρίςταρχος,
1777 4359 1881 4412 οὐκ
1918 4359 1997 4428 ἄψ
2073 4373 2104 4413 ο
2144 4356 2217 4413 ol.
2252 4357 2324 4413 V.
