3144 5006
1193 392 1525 448 ΙΑΙΑΔΟ(
1579 391 1782 446 XXIV.
2476 391 2605 455 365

498 544 677 625 ὄρνις
721 544 820 611 ἐνὶ
860 545 1181 624 μεγάροιςι
1226 548 1421 611 κακὸς
1463 547 1690 611 πέλευ·
1736 545 1891 610 οὐδέ
1935 565 2012 623 με
2055 542 2303 609 πείςεις.

317 652 459 711 220
496 646 554 711 εἰ
597 648 712 725 μὲν
756 645 879 726 γάρ
923 648 1015 713 τίς
1056 646 1116 726 μ’
1160 645 1361 713 ἄλλος
1405 647 1794 727 ἐπιχθονίων
1840 646 2162 723 ἐκέλευεν,

495 748 534 827 ἢ
582 749 649 814 οἳ
690 749 943 827 μάντιές
989 749 1132 833 εἰςι,
1176 749 1475 814 θυοςκόοι
1518 750 1557 827 ἢ
1603 749 1852 833 ἱερῆες,

502 851 742 929 ψεῦδός
787 871 895 916 κεν
943 855 1182 933 φαῖμεν
1228 852 1330 915 καὶ
1375 851 1832 931 νοςφιζοίμεθα
1874 852 2150 930 μᾶλλον·

498 956 619 1018 νῦν
665 953 742 1034 δ’,
787 951 984 1018 αὐτὸς
1026 956 1151 1033 γὰρ
1196 952 1437 1017 ἄκουςα
1481 957 1635 1018 θεοῦ
1679 953 1781 1018 καὶ
1825 953 2171 1033 ἐςέδρακον
2215 951 2452 1035 ἄντην,

502 1053 659 1138 εἶμι,
702 1056 807 1120 καὶ
851 1054 974 1135 οὐχ
1017 1054 1204 1121 ἅλιον
1250 1054 1410 1120 ἔπος
1455 1054 1713 1121 ἔςςεται.
1803 1054 1857 1119 εἰ
1902 1055 1974 1119 δέ
2004 1074 2126 1135 ,μοι
2170 1053 2318 1120 αἶςα

319 1159 451 1217 225
503 1156 882 1237 τεθνάμεναι
924 1158 1100 1237 παρὰ
1143 1159 1364 1237 νηυςὶν
1408 1157 1680 1237 Ἀχαιῶν
1725 1158 2258 1237 χαλκοχιτώνων,

498 1259 841 1338 βούλομαι·
891 1259 1113 1324 αὐτίκα
1155 1260 1279 1338 γάρ
1323 1280 1399 1340 με
1443 1259 1905 1324 κατακτείνειεν
1950 1258 2275 1338 Ἀχιλλεὺς

496 1358 694 1436 ἀγκὰς
738 1359 947 1426 ἑλόντ’
990 1361 1147 1441 ἐμὸν
1193 1360 1364 1444 υἱόν,
1412 1361 1575 1441 ἐπὴν
1619 1361 1781 1437 γόου
1825 1361 1891 1426 ἐξ
1935 1360 2091 1438 ἔρον
2136 1359 2294 1438 εἵην.

671 1461 744 1545 ἦ,
788 1463 891 1527 καὶ
934 1466 1290 1543 φωριαμῶν
1336 1462 1691 1543 ἐπιθήματα
1735 1463 1874 1528 κάλ’
1918 1462 2237 1543 ἀνέῳγεν,

497 1563 683 1628 ἔνθεν
729 1563 982 1629 δώδεκα
1023 1565 1139 1643 μὲν
1183 1565 1602 1644 περικαλλέας
1647 1564 1822 1630 ἔξελε
1866 1564 2189 1639 πέπλους,

321 1670 454 1728 230
497 1667 749 1730 δώδεκα
791 1666 848 1729 δ’
891 1664 1206 1731 ἁπλοΐδας
1250 1665 1544 1748 χλαίνας,
1589 1667 1854 1731 τόςςους
1899 1667 1975 1730 δὲ
2015 1665 2336 1748 τάπητας,

493 1767 682 1832 τόςςα
726 1768 799 1832 δὲ
843 1767 1058 1848 φάρεα
1102 1769 1297 1852 καλά,
1340 1766 1568 1832 τόςους
1613 1768 1670 1831 δ’
1714 1767 1821 1832 ἐπὶ
1862 1769 2020 1833 τοῖςι
2065 1770 2356 1846 χιτῶνας.

496 1874 732 1949 χρυςοῦ
777 1870 848 1933 δὲ
895 1870 1119 1948 ςτήςας
1165 1869 1400 1951 ἔφερεν
1445 1870 1600 1935 δέκα
1643 1870 1856 1935 πάντα
1899 1869 2213 1946 τάλαντα,

497 1970 568 2036 ἐκ
611 1971 681 2036 δὲ
727 1970 826 2035 δύ’
869 1969 1154 2037 αἴθωνας
1195 1971 1539 2050 τρίποδας,
1585 1971 1851 2050 πίςυρας
1895 1971 1967 2035 δὲ
2011 1971 2310 2051 λέβητας,

495 2071 566 2137 ἐκ
607 2073 680 2136 δὲ
725 2072 926 2137 δέπας
969 2074 1375 2152 περικαλλές,
1426 2074 1464 2139 ὅ
1510 2073 1572 2139 οἱ
1617 2074 1860 2157 Θρῇκες
1904 2073 2114 2152 πόρον
2159 2071 2391 2150 ἄνδρες

325 2176 452 2235 235
498 2172 735 2253 ἐξεςίην
780 2173 1062 2251 ἐλθόντι,
1111 2175 1271 2255 μέγα
1314 2176 1568 2255 κτέρας·
1616 2175 1771 2240 οὐδέ
1816 2197 1896 2241 νυ
1941 2178 2061 2239 τοῦ
2106 2194 2227 2254 περ

496 2274 738 2356 φείςατ’
781 2275 880 2340 ἐνὶ
921 2275 1221 2356 μεγάροις
1270 2276 1307 2341 ὁ
1352 2278 1593 2357 γέρων,
1639 2279 1787 2359 περὶ
1829 2278 1886 2341 δ’
1928 2276 2115 2355 ἤθελε
2161 2282 2339 2358 θυμῷ

499 2377 795 2442 λύςαςθαι
840 2379 1038 2460 φίλον
1082 2378 1239 2445 υἱόν.
1330 2380 1368 2444 ὃ
1417 2381 1489 2445 δὲ
1533 2381 1762 2459 Τρῶας
1805 2381 1919 2457 μὲν
1963 2377 2251 2443 ἅπαντας

494 2478 793 2560 αἰθούςης
836 2478 1154 2559 ἀπέεργεν
1199 2481 1404 2548 ἔπεςς’
1448 2482 1792 2562 αἰςχροῑςιν
1838 2481 2139 2547 ἐνίςςων·

462 2665 532 2721 V.
569 2684 617 2720 τ..
688 2672 788 2720 219
844 2667 925 2719 ένι
970 2667 1035 2719 A.
1093 2668 1156 2722 ἐν
1199 2666 1262 2720 Ε.
1309 2668 1720 2736 ἐνίμμεγάροιςῑ
1774 2667 1831 2721 C.
1887 2666 2425 2722 ΕΝΙΜΜΕΓΑΡΟΙΕΙ
2480 2669 2624 2735 Pap.

328 2769 502 2857 κακὸὲ
541 2805 605 2856 A.
659 2819 764 2857 κακ
858 2800 1013 2855 Harl.
1060 2781 1229 2860 M'osc.
1275 2808 1322 2859 2.
1378 2833 1443 2842 —
1496 2810 1598 2881 220
1641 2805 1748 2871 γάρ
1793 2820 1878 2858 τις
1922 2803 1981 2867 μ’
2024 2801 2236 2857 ADGL.
2293 2803 2514 2857 ἐκέλευε
2550 2804 2620 2853 D.

230 2898 237 2901 ·
330 2872 619 2925 ἑκέλευςεν
662 2870 715 2924 H
803 2871 909 2924 rat.
955 2870 1007 2923 d.
1044 2900 1109 2909 —
1146 2876 1243 2924 221
1293 2874 1328 2936 ἢ
1378 2872 1426 2926 εί
1472 2872 1531 2925 et
1574 2889 1634 2924 m
1680 2888 1859 2942 marg.
1904 2870 2012 2925 οἵοι
2047 2869 2106 2923 L.
2161 2870 2270 2924 οἷοι
2308 2873 2522 2936 μᾶλλον
2558 2870 2619 2923 δὲ

328 2941 362 3005 ἢ
399 2938 454 2992 οἳ
490 2938 645 2993 Eunt.
697 2938 957 2994 θυοςκόοι
1002 2938 1070 2996 A.
1123 2968 1187 2978 —-
1242 2944 1341 2992 222
1392 2956 1455 2994 κε
1502 2940 1562 2993 et
1606 2957 1706 2995 κεν
1750 2938 1812 2992 Ε.
1867 2968 1931 2977 -
1981 2943 2082 2992 224
2127 2939 2252 3006 οὐχ’
2285 2940 2445 2992 ἅλιον
2480 2939 2617 2991 ἔπος

328 3042 537 3096 ἔςςεται
572 3043 607 3107 ἢ
644 3041 769 3108 οὐχ’
804 3040 934 3109 ἁλίη
960 3041 1090 3095 ὁδὸς
1126 3042 1337 3097 ἔςςεται
1361 3040 1516 3095 Eunt.
1543 3046 1690 3108 1346,
1714 3047 1797 3094 22.
1834 3056 1900 3080 ὲ-
1936 3046 2036 3094 225
2072 3040 2614 3095 ΧΑΛΚΟΚΙΤΩΝΩΝ

328 3108 463 3179 Pap.
500 3139 563 3148 —-
600 3115 700 3163 226
746 3109 1132 3164 κατακτείνειν
1168 3108 1228 3162 L.
1277 3110 1502 3177 ἀχῖλεύς
1540 3108 1599 3168 C.
1643 3144 1711 3156 --
1757 3113 1856 3161 227
1903 3109 2028 3176 εἴην
2074 3106 2231 3161 DGH
2276 3106 2423 3176 Lips.
2471 3106 2614 3164 Flor.

329 3178 429 3245 ἔην
463 3175 525 3229 L.
562 3207 630 3217 --
665 3182 765 3231 228
811 3179 950 3244 ἧκεν
986 3175 1056 3231 Η.
1108 3178 1424 3244 ἐπιθὺματα
1458 3175 1503 3229 L
1537 3176 1685 3246 Lips.
1727 3178 1965 3242 ἀνέωιγε
2010 3175 2060 3229 D
2099 3162 2256 3230 Vrat.
2293 3176 2361 3228 A.
2409 3205 2473 3214 —
2516 3180 2613 3228 231

330 3247 500 3299 λευκὰ
534 3242 727 3298 ACHL
762 3242 900 3314 Pap.
937 3243 1148 3301 Townl.
1186 3243 1344 3303 Vrass.
1384 3244 1438 3298 b.
1475 3247 1623 3300 καλὰ
1657 3243 1846 3299 DEGS
1883 3261 2011 3299 cum
2048 3243 2189 3298 aliie.
2226 3242 2374 3297 conf.
2414 3260 2461 3296 ω
2499 3248 2614 3297 277.

331 3313 370 3365 Β
403 3318 488 3368 43.
523 3314 569 3366 Ω
592 3317 708 3372 588,
745 3329 783 3377 γ
814 3319 931 3369 467.
967 3330 1012 3378 ψ
1045 3318 1157 3367 155.
1194 3314 1365 3381 φάρεϊ
1399 3316 1586 3383 λευκῷ
1626 3313 1665 3367 C
1688 3319 1806 3367 353.
1844 3314 1935 3368 ἐπι
1957 3314 2023 3365 Α.
2059 3316 2183 3380 τῆςι
2213 3310 2269 3366 C.
2313 3311 2618 3366 ΚΙΤΩΝΑ(

330 3378 458 3448 Pap.
499 3385 546 3432 1.
579 3397 729 3434 man.
767 3410 833 3419 —
867 3386 966 3434 232
1002 3383 1055 3435 δ’
1086 3384 1319 3449 ἔςτηςας
1355 3380 1408 3434 H
1446 3388 1492 3437 1.
1530 3398 1678 3435 man.
1714 3383 1885 3447 ἔφερε
1907 3380 1974 3437 D.
2010 3382 2146 3435 δέκα
2182 3380 2364 3434 omitt.
2402 3379 2446 3433 L
2469 3378 2618 3448 Lips.

333 3477 395 3486 —-
431 3453 531 3501 233
566 3447 816 3503 αἴθωνας
854 3448 1090 3515 λέβητας
1126 3449 1358 3517 πίςυρας
1394 3451 1456 3503 δὲ
1492 3468 1525 3503 τ
1562 3450 1761 3504 ίποδας
1797 3447 1863 3506 D.
1900 3484 1965 3495 --
2002 3455 2104 3503 234
2137 3449 2233 3503 ΤΟ
2271 3464 2374 3517 pro
2411 3451 2443 3502 δ
2478 3448 2613 3515 Pap.

329 3517 550 3583 θρήῑκες
589 3513 681 3570 CG
719 3515 930 3570 Townl.
970 3548 1038 3556 -—
1073 3523 1173 3573 235
1208 3518 1422 3586 ἐξὲςίην
1445 3520 1493 3571 A
1542 3558 1555 3571 .
1592 3518 1858 3586 ἑξεςίηνδ’
1894 3515 2042 3587 Lips.
2076 3516 2248 3570 Mose.
2283 3523 2316 3569 2
2353 3516 2618 3584 ἑξεςίηνδ’

326 3654 361 3719 ἢ
399 3651 611 3721 ἑξεςίην
647 3651 709 3711 Ε.
746 3654 803 3708 ἐξ
840 3652 993 3719 ἀςίης
1029 3654 1250 3708 ἐλθόντι
1288 3652 1354 3711 Ι).
1391 3683 1455 3693 --
1492 3659 1594 3708 236
1630 3656 1712 3708 ἑνι
1749 3654 1812 3708 A.
1860 3613 2261 3721 ένῖμμεγάροίὲ
2288 3654 2347 3720 C,
2386 3673 2438 3709 ιν
2475 3654 2604 3709 add.

325 3726 375 3777 2.
408 3736 555 3779 man.
595 3721 876 3789 μεγάροις’
910 3721 973 3775 Ε.
1052 3723 1272 3789 εγάροις
1307 3723 1495 3788 ὠμογέ
1534 3739 1622 3776 ων
1658 3721 1717 3776 L.
1765 3738 1892 3789 περι
1928 3721 2039 3775 DL.
2078 3751 2144 3761 —
2189 3728 2288 3777 237
2324 3729 2513 3792 τρῷας
2549 3721 2610 3780 L.

327 3818 391 3827 —-
424 3794 523 3844 238
568 3789 790 3844 αἰθούςς
834 3805 862 3843 ς
907 3792 956 3843 Α
1039 3805 1129 3858 ap.
1181 3791 1452 3857 ἑπέεργεν
1537 3830 1547 3843 .
1595 3790 1842 3857 ἀπέργεν
1888 3793 1923 3855 ἢ
1972 3790 2212 3857 ἀνέργεν
2257 3789 2411 3844 Euat.
2464 3797 2611 3855 1347,

327 3860 404 3911 53.
440 3858 685 3913 ἑνίςπων
730 3857 768 3911 S
850 3860 964 3910 ant.
1013 3856 1170 3913 Vrat.
1206 3856 1259 3913 d.
1305 3857 1558 3913 ἐνίπτων
1602 3857 1756 3911 Euat.
1805 3862 1954 3924 1347,
2003 3864 2069 3912 53
2106 3858 2166 3911 et
2209 3863 2290 3914 56.
2335 3860 2613 3927 γράφεται

327 3927 413 3978 καί
444 3926 673 3982 ἑνίςςων
706 3925 863 3984 Euat.
903 3931 1050 3992 1347,
1087 3931 1170 3981 57.
1208 3927 1466 3994 αίςχροῖςι
1503 3927 1786 3994 β[άλλ]ων
1821 3924 1889 3983 D.

456 4079 522 4136 A.
557 4096 602 4137 c.
677 4085 776 4133 222
827 4079 1152 4134 asteriscus:
1206 4080 1312 4134 οὐκ
1365 4081 1551 4148 ὀρθῶς
1610 4081 1649 4134 Β
1705 4085 1787 4138 81.
1840 4107 1909 4118 -
1962 4085 2063 4133 228
2119 4086 2435 4148 φωριαμῶν
2488 4081 2611 4134 Ari-

329 4145 591 4202 starchus,
636 4148 981 4215 Ἡρωδιανὸς
1028 4150 1158 4215 περὶ
1206 4149 1482 4202 Ἀττικῶν
1535 4150 1898 4216 προςῳδιῶν,
1953 4148 2117 4217 τρίτη
2164 4149 2280 4202 ἀπὸ
2326 4150 2528 4204 τέλους
2573 4151 2609 4214 ἡ

333 4216 477 4268 ὀξεῖα
501 4216 868 4282 (φωρίαμος),
905 4218 1126 4336 οὐίίώς
1150 4216 1434 4282 ἀνάλογον
1457 4215 1584 4269 ἀλλ’
1619 4218 1698 4270 ὡς
1737 4217 2011 4270 Ἀττικόν.
2049 4217 2085 4280 ἡ
2115 4217 2303 4282 μέντοι
2340 4218 2612 4283 ςυνήθεια

334 4283 670 4348 ὁξυνόμενον
707 4284 817 4350 ἔχει
851 4283 938 4342 Et.
1079 4328 1092 4341 .
1132 4289 1250 4349 804,
1290 4290 1371 4339 20.
1409 4314 1473 4323 -
1509 4289 1610 4339 235
1646 4283 1861 4352 ἐξὲςίην
1905 4283 2260 4338 Aristarchus
2298 4286 2358 4337 et.
2391 4284 2609 4339 Nicias:

336 4349 540 4417 ἐξέςίην
574 4348 981 4419 Neoptolemus
1064 4351 1306 4406 arianus.
