3144 5006
1281 433 1618 489 ιΛιΑΔος
1671 432 1817 487 xm.
2531 414 2693 521 ’263

570 587 660 651 ὡς
706 586 894 653 εἶδον
939 589 1057 654 τὸν
1103 587 1362 667 ἄριςτον
1408 588 1505 654 ἐνὶ
1549 595 1823 672 κρατερῇ
1869 586 2091 669 ὑςμίνῃ

566 688 737 767 χέρς’
781 688 911 754 ὕπο
956 690 1281 769 Πηλείδαο
1329 692 1432 755 καὶ
1474 688 1620 767 ἄορι
1664 688 1767 770 ἶφι
1813 690 2112 767 δαμέντα.

568 790 700 855 ἔνθ’
752 792 857 856 ἕλε
903 792 1298 870 Θερςίλοχόν
1343 812 1412 856 τε
1459 791 1749 856 Μύδωνά
1793 811 1860 855 τε
1908 790 2302 857 Ἀςτύπυλόν
2347 811 2415 855 τε

404 897 530 953 210
577 892 839 971 Μνῆςόν
884 913 953 958 τε
997 894 1273 972 Θραςίον
1319 914 1388 957 τε
1432 895 1536 958 καὶ
1577 891 1796 958 Αἴνιον
1842 893 1940 971 ἠδ’
1985 892 2405 973 Ὀφελέςτην·

566 995 666 1059 καί
712 994 789 1061 νῦ
836 995 890 1059 κ’
918 995 1027 1060 ἔτι
1071 996 1355 1060 πλέονας
1399 994 1590 1060 κτάνε
1633 994 1922 1060 Παίονας
1968 994 2134 1058 ὠκὺς
2181 994 2533 1072 Ἀχιλλεύς,

566 1097 620 1162 εἰ
664 1099 746 1176 μὴ
792 1097 1167 1178 χωςάμενος
1210 1097 1504 1177 προςέφη
1550 1097 1841 1175 ποταμὸς
1888 1094 2256 1177 βαθυδίνης,

565 1196 747 1276 ἀνέρι
793 1197 1156 1282 εἰςάμενος,
1203 1198 1431 1278 βαθέης
1475 1198 1533 1261 δ’
1576 1198 1647 1262 ἐκ
1689 1198 2010 1278 φθέγξατο
2056 1197 2263 1277 δίνης·

742 1299 796 1364 ὦ
842 1301 1124 1384 Ἀχιλεῦ,
1181 1300 1325 1380 περὶ
1369 1300 1485 1378 μὲν
1531 1299 1843 1382 κρατέεις,
1900 1301 2047 1380 περὶ
2103 1300 2160 1364 δ’
2215 1298 2443 1365 αἴςυλα
2487 1298 2687 1380 ῥέζεις

397 1407 521 1465 215
567 1400 862 1481 ἀνδρῶν·
911 1401 1032 1466 αἰεὶ
1074 1401 1197 1481 γάρ
1242 1422 1343 1466 τοι
1387 1401 1739 1482 ἀμύνουςιν
1783 1402 1919 1466 θεοὶ
1963 1402 2166 1467 αὐτοί.

563 1502 622 1568 εἴ
662 1524 762 1568 τοι
807 1503 1035 1583 Τρῶας
1080 1503 1283 1569 ἔδωκε
1332 1503 1584 1582 Κρόνου
1627 1507 1780 1568 παῖς
1825 1503 2073 1568 πάντας
2118 1502 2404 1583 ὀλέςςαι,

561 1606 626 1671 ἐξ
675 1606 895 1684 ἐμέθεν
941 1607 1000 1681 γ’
1043 1605 1270 1670 ἐλάςας
1314 1604 1539 1670 πεδίον
1587 1605 1745 1669 κάτα
1789 1605 2067 1685 μέρμερα
2112 1604 2281 1686 ῥέζε·

559 1708 784 1786 πλήθει
829 1708 953 1786 γὰρ
998 1708 1077 1786 δή
1122 1727 1229 1785 μοι
1273 1707 1523 1772 νεκύων
1569 1707 1863 1784 ἐρατεινὰ
1907 1706 2167 1790 ῥέεθρα,

562 1808 717 1874 οὐδέ
763 1809 820 1872 τί
865 1830 954 1893 πῃ
1000 1809 1272 1889 δύναμαι
1317 1809 1623 1887 προχέειν
1668 1808 1829 1886 ῥόον
1876 1808 1964 1874 εἰς
2008 1808 2133 1874 ἅλα
2176 1813 2321 1874 δῖαν

391 1916 517 1972 220
560 1911 963 1988 ςτεινόμενος
1008 1910 1319 1992 νεκύεςςι,
1365 1911 1437 1975 ςὺ
1484 1911 1557 1975 δὲ
1602 1911 1863 1976 κτείνεις
1910 1911 2208 1990 ἀιδήλως.

559 2011 701 2076 ἀλλ’
744 2010 861 2087 ἄγε
905 2012 983 2090 δὴ
1028 2012 1133 2075 καὶ
1178 2011 1398 2077 ἔαςον·
1442 2011 1566 2090 ἄγη
1613 2013 1673 2092 μ’
1717 2011 1846 2091 ἔχει
1875 2010 2133 2097 ἱὄρχαμε
2178 2013 2373 2077 λαῶν.

732 2113 850 2178 τὸν
896 2113 953 2177 δ’
998 2112 1507 2193 ἀπαμειβόμενος
1550 2114 1845 2193 προςέφη
1891 2114 2098 2179 πόδας
2129 2113 2297 2177 ὠκὺς
2329 2115 2675 2194 Ἀχιλλεύς·

551 2214 726 2279 ’ἔςται
771 2217 972 2279 ταῦτα
1015 2214 1380 2293 (κάμανδρε
1425 2215 1799 2298 διοτρεφές,
1846 2215 1936 2279 ὡς
1981 2216 2055 2280 ςὺ
2101 2214 2393 2281 κελεύεις.

555 2316 778 2395 Τρῶας
825 2318 882 2381 δ’
926 2315 1007 2381 οὐ
1050 2318 1203 2394 πρὶν
1249 2318 1421 2396 λήξω
1466 2315 1913 2398 ὑπερφιάλους
1958 2317 2299 2397 ἐναρίζων,

386 2423 507 2481 225
555 2421 706 2497 πρὶν
750 2417 922 2483 ἔλςαι
966 2419 1125 2484 κατὰ
1168 2416 1319 2483 ἄςτυ
1365 2419 1466 2484 καὶ
1508 2419 1760 2496 Ἕκτορι
1804 2422 2182 2499 πειρηθῆναι

552 2519 866 2602 ἀντιβίην,
914 2521 953 2599 ἤ
1000 2522 1107 2586 κέν
1153 2542 1228 2600 με
1273 2521 1685 2604 δαμάςςεται,
1729 2521 1768 2600 ἦ
1816 2542 1923 2588 κεν
1969 2522 2099 2599 ἐγὼ
2145 2523 2280 2587 τόν.

634 2671 641 2676 -
728 2623 818 2687 ὣς
863 2622 1063 2688 εἰπὼν
1107 2623 1420 2702 Τρώεςςιν
1465 2622 1768 2689 έπέςςυτο
1815 2624 2068 2703 δαίμονι
2110 2622 2266 2688 ἷςος.

516 2822 586 2879 V.
624 2842 673 2876 ι..
744 2830 844 2877 207
873 2803 1001 2881 ἶδον
1038 2824 1097 2883 C.
1148 2826 1231 2879 ένι
1277 2825 1395 2880 AD.
1438 2826 1671 2894 ὑςμένηι
1707 2823 1777 2879 Η.
1813 2854 1881 2864 -
1924 2830 2025 2880 208
2058 2826 2175 2879 ὑπὸ
2213 2824 2420 2880 ACDL.
2467 2827 2581 2881 ὑπο
2619 2826 2670 2879 Η

383 2890 504 2960 Syr.
553 2922 616 2930 ·-
661 2897 762 2947 209
798 2895 946 2950 ἕλετ’
987 2893 1281 2961 ὁρςίλοχον
1326 2893 1483 2947 Vrat.
1528 2894 1588 2949 b.
1635 2922 1699 2932 —
1745 2899 1846 2946 210
1890 2893 2119 2960 θράςιόν
2165 2891 2275 2949 GL.
2322 2895 2566 2961 θραςίων
2603 2893 2670 2948 D.

380 2997 471 3073 ᾖδ’
505 2995 572 3052 Η.
624 3026 690 3035 -
744 3002 837 3050 211
890 2999 957 3052 νύ
1003 2998 1066 3052 κέ
1111 3014 1164 3051 τι
1200 2996 1266 3050 D.
1314 2999 1514 3052 ἔκτανε
1550 2996 1661 3053 Ac,
1710 2997 1928 3062 ᾰχιλεῡε
1967 2995 2024 3049 0.
2077 3026 2142 3035 -
2196 2965 2294 3048 2ιὲ
2329 2976 2665 3052 ΠΡοςέΦΗ

381 3063 672 3118 ;ΑΝΘΟ(
710 3062 832 3131 Syr.
869 3082 1143 3133 suprascr.
1181 3072 1229 3118 2.
1268 3081 1417 3122 man.
1466 3081 1740 3131 ποταμος.
1786 3094 1852 3103 -
1897 3070 1997 3117 213
2033 3064 2441 3119 ΕΙΔΟΜΕΝΟ(
2477 3066 2670 3119 Ambr.

378 3147 461 3197 γρ.
501 3134 590 3185 καὶ
628 3132 917 3197 εἰδόμενος
953 3136 1022 3189 Α.
1062 3133 1285 3201 βαθείης
1321 3134 1635 3200 έκφέγέατο
1669 3133 1731 3190 L.
1765 3135 1817 3186 δ’
1850 3133 2164 3199 ἐφθέγξατο
2200 3131 2491 3186 ACDGHS
2529 3133 2669 3191 Ven.

379 3233 441 3287 Β.
477 3232 627 3311 μρε.
663 3233 847 3293 Tzetz.
898 3236 1079 3307 Aneg.
1114 3243 1197 3291 86.
1244 3215 1716 3292 ΔεφοέΓΞΑτο
1744 3234 1867 3303 Syr.
1908 3236 2293 3301 „exveesszoero
2321 3234 2501 3290 edidit
2532 3236 2666 3291 Bar-

376 3318 565 3355 nesms
600 3321 665 3357 ex
695 3304 1089 3358 emendatione
1116 3304 1290 3358 Isaaci
1315 3304 1666 3359 casauboni·‘
1704 3302 1906 3358 Clark
1922 3319 1970 3357 e.
2010 3334 2071 3343 ——
2113 3310 2213 3358 214
2249 3309 2378 3370 περὶ·
2414 3307 2516 3369 μέν
2552 3305 2663 3363 01),

384 3387 516 3473 πέρί(
548 3406 650 3473 μὲν
694 3405 746 3458 H
783 3405 907 3474 (sie)
953 3407 1023 3460 ne
1062 3423 1077 3459 ι
1124 3406 1212 3460 bis
1258 3404 1351 3458 GL
1396 3404 1542 3459 mor.
1590 3405 1754 3459 Rhet.
1803 3405 1897 3460 Gr.
1937 3403 2031 3469 111,
2069 3411 2186 3469 374,
2225 3411 2306 3459 ιο.
2353 3407 2477 3473 πέρι
2512 3409 2563 3460 δ’
2596 3407 2662 3466 Η,

374 3502 441 3511 -
478 3479 578 3527 215
613 3475 883 3539 ἀμύνουςι
918 3473 1011 3527 CD
1062 3473 1211 3526 GHL
1246 3472 1403 3527 Vrat..
1445 3477 1507 3528 Α.
1532 3472 1677 3527 Flor.
1713 3472 1873 3530 Rom.
1899 3501 1963 3510 —
1997 3478 2097 3526 216
2134 3474 2184 3527 εἴ
2222 3489 2301 3528 ςοι
2337 3472 2449 3532 EG.
2474 3481 2663 3542 τρῷας

376 3540 438 3600 L.
476 3573 542 3581 —
579 3549 676 3597 217
714 3558 856 3596 κατα
892 3540 1004 3595 DL.
1045 3543 1187 3596 κατὰ
1223 3540 1291 3594 Η.
1336 3543 1515 3609 ῥέζειν
1550 3540 1600 3594 D
1636 3540 1796 3595 Rom.
1842 3542 2022 3608 ῥέζειν
2057 3543 2236 3608 ἤγουν
2271 3542 2396 3608 ῥέζε
2433 3541 2494 3597 Ε.
2537 3544 2663 3611 ῥέξε

371 3676 424 3729 Η
467 3683 507 3731 1.
548 3694 696 3732 man.
735 3694 879 3731 nunc
915 3678 1083 3744 ῥέξαι.
1120 3708 1183 3716 —-
1229 3682 1330 3731 218
1374 3677 1600 3731 αἰπεινὰ
1644 3679 1848 3745 ῥέεθρα
1889 3676 2048 3731 Vrat.
2092 3678 2159 3732 A.
2208 3637 2441 3745 oeeepgv
2491 3677 2557 3737 Η,
2596 3709 2660 3720 -—

370 3752 472 3800 219
507 3747 640 3800 οὐδέ
674 3762 728 3799 τι
765 3763 845 3815 πῃ
882 3744 1108 3799 ADGH.
1143 3747 1274 3799 οὐδέ
1307 3762 1360 3799 τι
1401 3764 1478 3811 πη
1506 3744 1612 3799 CL.
1651 3748 1783 3799 οὐδέ
1819 3746 1873 3799 τί
1907 3765 1988 3814 πη
2011 3745 2075 3801 Ε.
2112 3747 2245 3800 οὐδέ
2280 3747 2334 3800 τί
2371 3763 2451 3815 πῃ
2477 3745 2659 3801 Schol.

370 3814 428 3867 Π
464 3819 541 3870 71.
580 3815 715 3868 οὐδέ
751 3832 805 3867 τι
841 3821 921 3880 πῆ
962 3813 1124 3867 Rhet.
1166 3813 1260 3868 Gr.
1299 3814 1395 3875 111,
1433 3820 1548 3874 374,
1590 3819 1668 3867 16.
1704 3844 1770 3853 -
1815 3819 1916 3867 220
1949 3815 2272 3877 δεινόμενος
2309 3813 2465 3868 Vrat.
2504 3815 2557 3869 d.
2597 3846 2660 3855 --

370 3886 467 3933 221
506 3883 702 3937 έαςςον
739 3883 797 3937 C.
837 3914 889 3921 —-
936 3888 1036 3935 222
1073 3882 1295 3948 ἀχῑλεύς
1328 3882 1385 3935 C.
1424 3913 1489 3920 —
1525 3888 1625 3936 223
1661 3881 1942 3948 κάμανδρε
1977 3881 2021 3934 L
2044 3881 2198 3935 Harl.
2235 3913 2300 3921 —
2337 3887 2436 3936 224
2472 3889 2660 3952 τρῷας

373 3945 430 3999 L.
472 3978 529 3986 -
567 3954 666 4002 225
703 3952 854 4005 ἕλςαι
880 3950 994 4005 CH.
1032 3951 1221 4005 έλάςαι
1257 3949 1294 4002 S
1331 3948 1492 4003 Cant.
1530 3948 1688 4006 Harl.
1725 3951 1900 4012 έλςαι,
1940 3952 1972 4003 ὅ
2008 3951 2157 4004 ἐςτιν
2191 3950 2377 4007 ἐλάςαι
2413 3955 2661 4016 ςυγκλεῖ-

375 4031 459 4068 ςαι
493 4015 565 4082 Ε,
605 4018 750 4072 conf.
786 4018 976 4072 adnot.
1016 4017 1090 4071 ad
1125 4034 1152 4072 ε
1194 4024 1306 4073 132.
1344 4036 1378 4085 η
1416 4025 1530 4072 250.
1565 4048 1634 4056 -
1670 4024 1771 4073 226
1808 4019 1860 4073 εἴ
1895 4020 1993 4072 κέν
2031 4034 2096 4084 με
2134 4017 2202 4075 D.
2239 4048 2306 4058 —
2341 4024 2439 4074 227
2476 4020 2556 4074 ὡς
2591 4022 2656 4078 A.

370 4084 637 4151 τρῲεςςιν
672 4083 733 4138 L.

380 4318 395 4327 ⁶
505 4253 569 4306 A.
608 4273 656 4306 L.
726 4260 825 4307 213
869 4256 937 4309 τὸ
982 4258 1045 4310 δὲ
1091 4257 1221 4321 βαθέ
1265 4274 1292 4310 ς
1337 4259 1509 4324 χωρὶς
1553 4263 1658 4313 τοῦ
1704 4259 1735 4311 δ
1782 4257 1964 4312 Schol.
2001 4258 2066 4313 A.
2115 4286 2176 4296 —
2223 4262 2322 4312 217
2370 4260 2525 4312 οὕτω
2564 4261 2655 4313 διὰ

371 4325 477 4373 τοῦ
520 4323 828 4421 &nep-240&
872 4327 928 4387 γ’
979 4324 1182 4424 ἑλάςας
1284 4322 1565 4446 ἱᾶόῐιιιιε.
1624 4327 1769 4380 τινές
1818 4327 2061 4381 πελάςας
2107 4325 2289 4382 Schol.
2334 4324 2400 4381 V.
2451 4356 2512 4363 —
2556 4333 2652 4384 221

369 4389 559 4442 έαςον.
597 4389 695 4442 alu
731 4392 894 4444 ἕαςον
929 4392 1076 4448 teste
1114 4390 1299 4447 Schol.
1391 4435 1404 4450 .
