<?xml version="1.0" encoding="UTF-8"?>
<!DOCTYPE html PUBLIC "-//W3C//DTD XHTML 1.0 Transitional//EN"
    "http://www.w3.org/TR/xhtml1/DTD/xhtml1-transitional.dtd">
<html xmlns="http://www.w3.org/1999/xhtml" xml:lang="en" lang="en">
 <head>
  <title>
</title>
<meta http-equiv="Content-Type" content="text/html;charset=utf-8" />
  <meta name='ocr-system' content='tesseract 3.04.00' />
  <meta name='ocr-capabilities' content='ocr_page ocr_carea ocr_par ocr_line ocrx_word'/>
</head>
<body>
  <div class='ocr_page' id='page_1' title='image "./iliasadfidemlib00homegoog_0311.png"; bbox 0 0 3144 5006; ppageno 0'>
   <div class='ocr_carea' id='block_1_1' title="bbox 1248 402 2626 468">
    <p class='ocr_par' dir='ltr' id='par_1_1' title="bbox 1248 385 2626 468">
     <span class='ocr_line' id='line_1_1' title="bbox 1248 402 2626 468; baseline -0.002 -6"><span class='ocrx_word' id='word_1_1' title='bbox 1248 406 1586 463; x_wconf 87' lang='grc' dir='ltr'>ιΛιΑΔος</span> <span class='ocrx_word' id='word_1_2' title='bbox 1632 405 1727 460; x_wconf 83' lang='lat' dir='ltr'><strong>XI.</strong></span> <span class='ocrx_word' id='word_1_3' title='bbox 2505 402 2626 468; x_wconf 87' lang='lat'>301</span> 
     </span>
    </p>
   </div>
   <div class='ocr_carea' id='block_1_2' title="bbox 398 558 2395 3097">
    <p class='ocr_par' dir='ltr' id='par_1_2' title="bbox 519 558 2266 648">
     <span class='ocr_line' id='line_1_2' title="bbox 519 558 2266 648; baseline -0.004 -18"><span class='ocrx_word' id='word_1_4' title='bbox 519 565 684 631; x_wconf 87' lang='grc' dir='ltr'>Ζεὺς</span> <span class='ocrx_word' id='word_1_5' title='bbox 727 564 785 629; x_wconf 88' lang='grc' dir='ltr'>δ’</span> <span class='ocrx_word' id='word_1_6' title='bbox 824 563 1043 644; x_wconf 82' lang='grc' dir='ltr'>Ἐριδα</span> <span class='ocrx_word' id='word_1_7' title='bbox 1086 563 1399 648; x_wconf 73' lang='grc' dir='ltr'>προΐαλλε</span> <span class='ocrx_word' id='word_1_8' title='bbox 1443 562 1603 628; x_wconf 89' lang='grc' dir='ltr'>θοὰς</span> <span class='ocrx_word' id='word_1_9' title='bbox 1647 562 1752 626; x_wconf 84' lang='grc' dir='ltr'>ἐπὶ</span> <span class='ocrx_word' id='word_1_10' title='bbox 1793 562 1954 638; x_wconf 85' lang='grc' dir='ltr'>νῆας</span> <span class='ocrx_word' id='word_1_11' title='bbox 1996 558 2266 639; x_wconf 84' lang='grc' dir='ltr'>Ἀχαιῶν</span> 
     </span>
    </p>

    <p class='ocr_par' dir='ltr' id='par_1_3' title="bbox 435 660 2252 848">
     <span class='ocr_line' id='line_1_3' title="bbox 520 660 2252 749; baseline -0.005 -17"><span class='ocrx_word' id='word_1_12' title='bbox 520 666 863 749; x_wconf 80' lang='grc' dir='ltr'>ἀργαλέην,</span> <span class='ocrx_word' id='word_1_13' title='bbox 907 664 1223 746; x_wconf 90' lang='grc' dir='ltr'>πολέμοιο</span> <span class='ocrx_word' id='word_1_14' title='bbox 1266 664 1455 743; x_wconf 90' lang='grc' dir='ltr'>τέρας</span> <span class='ocrx_word' id='word_1_15' title='bbox 1499 661 1656 743; x_wconf 88' lang='grc' dir='ltr'>μετὰ</span> <span class='ocrx_word' id='word_1_16' title='bbox 1698 663 1912 742; x_wconf 87' lang='grc' dir='ltr'>χερςὶν</span> <span class='ocrx_word' id='word_1_17' title='bbox 1956 660 2252 740; x_wconf 84' lang='grc' dir='ltr'>ἔχουςαν.</span> 
     </span>
     <span class='ocr_line' id='line_1_4' title="bbox 435 762 2114 848; baseline -0.002 -16"><span class='ocrx_word' id='word_1_18' title='bbox 435 773 474 832; x_wconf 90' lang='lat'>5</span> <span class='ocrx_word' id='word_1_19' title='bbox 520 771 626 848; x_wconf 85' lang='grc' dir='ltr'>ςτῆ</span> <span class='ocrx_word' id='word_1_20' title='bbox 674 768 732 833; x_wconf 93' lang='grc' dir='ltr'>δ’</span> <span class='ocrx_word' id='word_1_21' title='bbox 774 767 874 832; x_wconf 83' lang='grc' dir='ltr'>ἐπ’</span> <span class='ocrx_word' id='word_1_22' title='bbox 917 766 1262 843; x_wconf 86' lang='grc' dir='ltr'>Ὀδυςςῆος</span> <span class='ocrx_word' id='word_1_23' title='bbox 1306 766 1642 845; x_wconf 82' lang='grc' dir='ltr'>μεγακήτεϊ</span> <span class='ocrx_word' id='word_1_24' title='bbox 1684 765 1790 844; x_wconf 87' lang='grc' dir='ltr'>νηὶ</span> <span class='ocrx_word' id='word_1_25' title='bbox 1832 762 2114 847; x_wconf 85' lang='grc' dir='ltr'>μελαίνῃ,</span> 
     </span>
    </p>

    <p class='ocr_par' dir='ltr' id='par_1_4' title="bbox 521 864 2188 953">
     <span class='ocr_line' id='line_1_5' title="bbox 521 864 2188 953; baseline -0.004 -18"><span class='ocrx_word' id='word_1_26' title='bbox 521 870 561 948; x_wconf 84' lang='grc' dir='ltr'>ἥ</span> <span class='ocrx_word' id='word_1_27' title='bbox 609 869 665 949; x_wconf 80' lang='grc' dir='ltr'>ῥ’</span> <span class='ocrx_word' id='word_1_28' title='bbox 708 870 780 934; x_wconf 84' lang='grc' dir='ltr'>ἐν</span> <span class='ocrx_word' id='word_1_29' title='bbox 825 869 1109 953; x_wconf 82' lang='grc' dir='ltr'>μεςςάτῳ</span> <span class='ocrx_word' id='word_1_30' title='bbox 1156 867 1294 933; x_wconf 85' lang='grc' dir='ltr'>ἔςκε</span> <span class='ocrx_word' id='word_1_31' title='bbox 1337 868 1702 946; x_wconf 85' lang='grc' dir='ltr'>γεγωνέμεν</span> <span class='ocrx_word' id='word_1_32' title='bbox 1746 864 2188 948; x_wconf 84' lang='grc' dir='ltr'>ἀμφοτέρωςε,</span> 
     </span>
    </p>

    <p class='ocr_par' dir='ltr' id='par_1_5' title="bbox 517 968 1957 1052">
     <span class='ocr_line' id='line_1_6' title="bbox 517 968 1957 1052; baseline -0.003 -16"><span class='ocrx_word' id='word_1_33' title='bbox 517 971 676 1052; x_wconf 76' lang='grc' dir='ltr'>ἠμὲν</span> <span class='ocrx_word' id='word_1_34' title='bbox 719 970 822 1036; x_wconf 86' lang='grc' dir='ltr'>ἐπ’</span> <span class='ocrx_word' id='word_1_35' title='bbox 863 969 1134 1035; x_wconf 83' lang='grc' dir='ltr'>Αἴαντος</span> <span class='ocrx_word' id='word_1_36' title='bbox 1179 968 1412 1034; x_wconf 90' lang='grc' dir='ltr'>κλιςίας</span> <span class='ocrx_word' id='word_1_37' title='bbox 1455 968 1957 1048; x_wconf 83' lang='grc' dir='ltr'>Τελαμωνιάδαο</span> 
     </span>
    </p>

    <p class='ocr_par' dir='ltr' id='par_1_6' title="bbox 518 1068 2102 1155">
     <span class='ocr_line' id='line_1_7' title="bbox 518 1068 2102 1155; baseline -0.004 -17"><span class='ocrx_word' id='word_1_38' title='bbox 518 1072 618 1151; x_wconf 82' lang='grc' dir='ltr'>ἠδ’</span> <span class='ocrx_word' id='word_1_39' title='bbox 662 1073 764 1138; x_wconf 85' lang='grc' dir='ltr'>ἐπ’</span> <span class='ocrx_word' id='word_1_40' title='bbox 806 1072 1166 1155; x_wconf 80' lang='grc' dir='ltr'>Ἀχιλλῆος,</span> <span class='ocrx_word' id='word_1_41' title='bbox 1209 1069 1311 1136; x_wconf 91' lang='grc' dir='ltr'>τοί</span> <span class='ocrx_word' id='word_1_42' title='bbox 1356 1070 1414 1150; x_wconf 82' lang='grc' dir='ltr'>ῥ’</span> <span class='ocrx_word' id='word_1_43' title='bbox 1457 1070 1689 1150; x_wconf 85' lang='grc' dir='ltr'>ἔςχατα</span> <span class='ocrx_word' id='word_1_44' title='bbox 1732 1072 1892 1148; x_wconf 85' lang='grc' dir='ltr'>νῆας</span> <span class='ocrx_word' id='word_1_45' title='bbox 1934 1068 2102 1133; x_wconf 84' lang='grc' dir='ltr'>έίςας</span> 
     </span>
    </p>

    <p class='ocr_par' dir='ltr' id='par_1_7' title="bbox 522 1171 2047 1259">
     <span class='ocr_line' id='line_1_8' title="bbox 522 1171 2047 1259; baseline -0.003 -19"><span class='ocrx_word' id='word_1_46' title='bbox 522 1173 776 1256; x_wconf 89' lang='grc' dir='ltr'>εἴρυςαν</span> <span class='ocrx_word' id='word_1_47' title='bbox 819 1173 1060 1259; x_wconf 78' lang='grc' dir='ltr'>ἠνορέῃ</span> <span class='ocrx_word' id='word_1_48' title='bbox 1102 1172 1353 1239; x_wconf 90' lang='grc' dir='ltr'>πίςυνοι</span> <span class='ocrx_word' id='word_1_49' title='bbox 1394 1172 1499 1236; x_wconf 89' lang='grc' dir='ltr'>καὶ</span> <span class='ocrx_word' id='word_1_50' title='bbox 1541 1171 1757 1251; x_wconf 84' lang='grc' dir='ltr'>κάρτεϊ</span> <span class='ocrx_word' id='word_1_51' title='bbox 1798 1175 2047 1251; x_wconf 85' lang='grc' dir='ltr'>χειρῶν.</span> 
     </span>
    </p>

    <p class='ocr_par' dir='ltr' id='par_1_8' title="bbox 400 1273 2312 1766">
     <span class='ocr_line' id='line_1_9' title="bbox 400 1273 1931 1354; baseline -0.002 -14"><span class='ocrx_word' id='word_1_52' title='bbox 400 1283 480 1342; x_wconf 90' lang='grc'>10</span> <span class='ocrx_word' id='word_1_53' title='bbox 519 1277 678 1344; x_wconf 82' lang='grc' dir='ltr'>ἔνθα</span> <span class='ocrx_word' id='word_1_54' title='bbox 721 1278 887 1343; x_wconf 86' lang='grc' dir='ltr'>ςτᾶς’</span> <span class='ocrx_word' id='word_1_55' title='bbox 926 1275 1076 1354; x_wconf 88' lang='grc' dir='ltr'>ἤυςε</span> <span class='ocrx_word' id='word_1_56' title='bbox 1123 1274 1241 1339; x_wconf 87' lang='grc' dir='ltr'>θεὰ</span> <span class='ocrx_word' id='word_1_57' title='bbox 1284 1274 1444 1352; x_wconf 91' lang='grc' dir='ltr'>μέγα</span> <span class='ocrx_word' id='word_1_58' title='bbox 1485 1294 1554 1339; x_wconf 90' lang='grc' dir='ltr'>τε</span> <span class='ocrx_word' id='word_1_59' title='bbox 1601 1273 1817 1339; x_wconf 88' lang='grc' dir='ltr'>δεινόν</span> <span class='ocrx_word' id='word_1_60' title='bbox 1859 1292 1931 1336; x_wconf 93' lang='grc' dir='ltr'>τε</span> 
     </span>
     <span class='ocr_line' id='line_1_10' title="bbox 522 1373 2233 1462; baseline -0.004 -19"><span class='ocrx_word' id='word_1_61' title='bbox 522 1376 706 1462; x_wconf 83' lang='grc' dir='ltr'>ὄρθι’,</span> <span class='ocrx_word' id='word_1_62' title='bbox 753 1378 1094 1458; x_wconf 87' lang='grc' dir='ltr'>Ἀχαιοῖςιν</span> <span class='ocrx_word' id='word_1_63' title='bbox 1139 1377 1211 1441; x_wconf 82' lang='grc' dir='ltr'>δὲ</span> <span class='ocrx_word' id='word_1_64' title='bbox 1256 1376 1417 1457; x_wconf 84' lang='grc' dir='ltr'>μέγα</span> <span class='ocrx_word' id='word_1_65' title='bbox 1461 1375 1686 1440; x_wconf 88' lang='grc' dir='ltr'>ςθένος</span> <span class='ocrx_word' id='word_1_66' title='bbox 1729 1373 1950 1456; x_wconf 85' lang='grc' dir='ltr'>ἔμβαλ’</span> <span class='ocrx_word' id='word_1_67' title='bbox 1992 1373 2233 1458; x_wconf 85' lang='grc' dir='ltr'>ἑκάςτῳ</span> 
     </span>
     <span class='ocr_line' id='line_1_11' title="bbox 520 1475 2028 1565; baseline -0.003 -21"><span class='ocrx_word' id='word_1_68' title='bbox 520 1480 775 1565; x_wconf 82' lang='grc' dir='ltr'>καρδίῃ,</span> <span class='ocrx_word' id='word_1_69' title='bbox 822 1479 1102 1559; x_wconf 86' lang='grc' dir='ltr'>ἄληκτον</span> <span class='ocrx_word' id='word_1_70' title='bbox 1145 1476 1509 1558; x_wconf 83' lang='grc' dir='ltr'>πολεμίζειν</span> <span class='ocrx_word' id='word_1_71' title='bbox 1552 1475 1670 1554; x_wconf 76' lang='grc' dir='ltr'>ἠδὲ</span> <span class='ocrx_word' id='word_1_72' title='bbox 1711 1475 2028 1558; x_wconf 89' lang='grc' dir='ltr'>μάχεςθαι.</span> 
     </span>
     <span class='ocr_line' id='line_1_12' title="bbox 520 1576 2312 1661; baseline -0.004 -14"><span class='ocrx_word' id='word_1_73' title='bbox 520 1584 678 1647; x_wconf 83' lang='grc' dir='ltr'>τοῑςι</span> <span class='ocrx_word' id='word_1_74' title='bbox 722 1582 780 1646; x_wconf 89' lang='grc' dir='ltr'>δ’</span> <span class='ocrx_word' id='word_1_75' title='bbox 824 1580 1002 1661; x_wconf 82' lang='grc' dir='ltr'>ἄφαρ</span> <span class='ocrx_word' id='word_1_76' title='bbox 1047 1579 1334 1661; x_wconf 89' lang='grc' dir='ltr'>πόλεμος</span> <span class='ocrx_word' id='word_1_77' title='bbox 1374 1577 1654 1655; x_wconf 89' lang='grc' dir='ltr'>γλυκίων</span> <span class='ocrx_word' id='word_1_78' title='bbox 1697 1578 1904 1655; x_wconf 82' lang='grc' dir='ltr'>γένετ’</span> <span class='ocrx_word' id='word_1_79' title='bbox 1947 1576 2021 1655; x_wconf 78' lang='grc' dir='ltr'>ἠὲ</span> <span class='ocrx_word' id='word_1_80' title='bbox 2065 1577 2312 1642; x_wconf 89' lang='grc' dir='ltr'>νέεςθαι</span> 
     </span>
     <span class='ocr_line' id='line_1_13' title="bbox 528 1678 2150 1766; baseline -0.002 -19"><span class='ocrx_word' id='word_1_81' title='bbox 528 1683 600 1749; x_wconf 87' lang='grc' dir='ltr'>ἐν</span> <span class='ocrx_word' id='word_1_82' title='bbox 643 1683 825 1763; x_wconf 88' lang='grc' dir='ltr'>νηυςὶ</span> <span class='ocrx_word' id='word_1_83' title='bbox 867 1685 1226 1766; x_wconf 83' lang='grc' dir='ltr'>γλαφυρῇςι</span> <span class='ocrx_word' id='word_1_84' title='bbox 1271 1679 1470 1762; x_wconf 84' lang='grc' dir='ltr'>φίλην</span> <span class='ocrx_word' id='word_1_85' title='bbox 1514 1678 1582 1745; x_wconf 85' lang='grc' dir='ltr'>ἐς</span> <span class='ocrx_word' id='word_1_86' title='bbox 1625 1681 1900 1760; x_wconf 84' lang='grc' dir='ltr'>πατρίδα</span> <span class='ocrx_word' id='word_1_87' title='bbox 1941 1682 2150 1756; x_wconf 86' lang='grc' dir='ltr'>γαῖαν.</span> 
     </span>
    </p>

    <p class='ocr_par' dir='ltr' id='par_1_9' title="bbox 400 1780 2261 2273">
     <span class='ocr_line' id='line_1_14' title="bbox 400 1780 2249 1864; baseline -0.001 -17"><span class='ocrx_word' id='word_1_88' title='bbox 400 1791 477 1847; x_wconf 88' lang='lat'>15</span> <span class='ocrx_word' id='word_1_89' title='bbox 693 1783 1006 1864; x_wconf 87' lang='grc' dir='ltr'>Ἀτρείδης</span> <span class='ocrx_word' id='word_1_90' title='bbox 1049 1784 1108 1848; x_wconf 87' lang='grc' dir='ltr'>δ’</span> <span class='ocrx_word' id='word_1_91' title='bbox 1151 1781 1413 1863; x_wconf 81' lang='grc' dir='ltr'>ἑβόηςεν</span> <span class='ocrx_word' id='word_1_92' title='bbox 1458 1781 1551 1846; x_wconf 77' lang='grc' dir='ltr'>ἰδὲ</span> <span class='ocrx_word' id='word_1_93' title='bbox 1596 1782 1950 1847; x_wconf 87' lang='grc' dir='ltr'>Ζώννυςθαι</span> <span class='ocrx_word' id='word_1_94' title='bbox 1992 1780 2249 1856; x_wconf 86' lang='grc' dir='ltr'>ἄνωγεν</span> 
     </span>
     <span class='ocr_line' id='line_1_15' title="bbox 524 1882 2261 1966; baseline -0.005 -13"><span class='ocrx_word' id='word_1_95' title='bbox 524 1884 875 1966; x_wconf 87' lang='grc' dir='ltr'>Ἀργείους·</span> <span class='ocrx_word' id='word_1_96' title='bbox 922 1884 994 1951; x_wconf 87' lang='grc' dir='ltr'>ἐν</span> <span class='ocrx_word' id='word_1_97' title='bbox 1039 1884 1098 1950; x_wconf 92' lang='grc' dir='ltr'>δ’</span> <span class='ocrx_word' id='word_1_98' title='bbox 1140 1883 1335 1950; x_wconf 86' lang='grc' dir='ltr'>αὐτὸς</span> <span class='ocrx_word' id='word_1_99' title='bbox 1380 1883 1639 1949; x_wconf 84' lang='grc' dir='ltr'>ἑδύςετο</span> <span class='ocrx_word' id='word_1_100' title='bbox 1684 1884 1957 1963; x_wconf 82' lang='grc' dir='ltr'>νώροπα</span> <span class='ocrx_word' id='word_1_101' title='bbox 1999 1882 2261 1962; x_wconf 90' lang='grc' dir='ltr'>χαλκόν.</span> 
     </span>
     <span class='ocr_line' id='line_1_16' title="bbox 523 1973 2017 2070; baseline -0.003 -17"><span class='ocrx_word' id='word_1_102' title='bbox 523 1991 827 2070; x_wconf 72' lang='grc' dir='ltr'>κνημῖδας</span> <span class='ocrx_word' id='word_1_103' title='bbox 869 1987 984 2067; x_wconf 76' lang='grc' dir='ltr'>μὲν</span> <span class='ocrx_word' id='word_1_104' title='bbox 1027 1989 1255 2066; x_wconf 83' lang='grc' dir='ltr'>πρῶτα</span> <span class='ocrx_word' id='word_1_105' title='bbox 1297 1986 1445 2065; x_wconf 87' lang='grc' dir='ltr'>περὶ</span> <span class='ocrx_word' id='word_1_106' title='bbox 1486 1973 1790 2069; x_wconf 64' lang='grc' dir='ltr'>κνήμῃςιν</span> <span class='ocrx_word' id='word_1_107' title='bbox 1832 1983 2017 2063; x_wconf 83' lang='grc' dir='ltr'>ἔθηκε</span> 
     </span>
     <span class='ocr_line' id='line_1_17' title="bbox 526 2086 2022 2172; baseline -0.001 -18"><span class='ocrx_word' id='word_1_108' title='bbox 526 2092 753 2172; x_wconf 89' lang='grc' dir='ltr'>καλάς,</span> <span class='ocrx_word' id='word_1_109' title='bbox 799 2089 1199 2169; x_wconf 88' lang='grc' dir='ltr'>ἀργυρέοιςιν</span> <span class='ocrx_word' id='word_1_110' title='bbox 1244 2086 1643 2170; x_wconf 84' lang='grc' dir='ltr'>ἐπιςφυρίοις</span> <span class='ocrx_word' id='word_1_111' title='bbox 1688 2086 2022 2168; x_wconf 87' lang='grc' dir='ltr'>ἀραρυίας·</span> 
     </span>
     <span class='ocr_line' id='line_1_18' title="bbox 524 2189 2064 2273; baseline -0.002 -17"><span class='ocrx_word' id='word_1_112' title='bbox 524 2192 830 2271; x_wconf 90' lang='grc' dir='ltr'>δεύτερον</span> <span class='ocrx_word' id='word_1_113' title='bbox 873 2189 957 2255; x_wconf 83' lang='grc' dir='ltr'>αὖ</span> <span class='ocrx_word' id='word_1_114' title='bbox 1000 2191 1257 2270; x_wconf 85' lang='grc' dir='ltr'>θώρηκα</span> <span class='ocrx_word' id='word_1_115' title='bbox 1299 2190 1448 2269; x_wconf 77' lang='grc' dir='ltr'>περὶ</span> <span class='ocrx_word' id='word_1_116' title='bbox 1490 2189 1807 2267; x_wconf 89' lang='grc' dir='ltr'>ςτήθεςςιν</span> <span class='ocrx_word' id='word_1_117' title='bbox 1850 2189 2064 2273; x_wconf 84' lang='grc' dir='ltr'>ἔδυνε,</span> 
     </span>
    </p>

    <p class='ocr_par' dir='ltr' id='par_1_10' title="bbox 398 2289 2395 2784">
     <span class='ocr_line' id='line_1_19' title="bbox 398 2289 2030 2372; baseline -0.001 -16"><span class='ocrx_word' id='word_1_118' title='bbox 398 2299 483 2358; x_wconf 90' lang='grc'>20</span> <span class='ocrx_word' id='word_1_119' title='bbox 522 2293 638 2359; x_wconf 88' lang='grc' dir='ltr'>τόν</span> <span class='ocrx_word' id='word_1_120' title='bbox 682 2292 842 2358; x_wconf 84' lang='grc' dir='ltr'>ποτέ</span> <span class='ocrx_word' id='word_1_121' title='bbox 887 2291 952 2357; x_wconf 83' lang='grc' dir='ltr'>οἱ</span> <span class='ocrx_word' id='word_1_122' title='bbox 999 2292 1265 2372; x_wconf 83' lang='grc' dir='ltr'>Κινύρης</span> <span class='ocrx_word' id='word_1_123' title='bbox 1308 2295 1478 2356; x_wconf 82' lang='grc' dir='ltr'>δῶκε</span> <span class='ocrx_word' id='word_1_124' title='bbox 1523 2291 1801 2369; x_wconf 87' lang='grc' dir='ltr'>ξεινήιον</span> <span class='ocrx_word' id='word_1_125' title='bbox 1844 2289 2030 2358; x_wconf 82' lang='grc' dir='ltr'>εἶναι.</span> 
     </span>
     <span class='ocr_line' id='line_1_20' title="bbox 526 2392 2395 2478; baseline -0.001 -19"><span class='ocrx_word' id='word_1_126' title='bbox 526 2394 799 2460; x_wconf 81' lang='grc' dir='ltr'>πεύθετο</span> <span class='ocrx_word' id='word_1_127' title='bbox 845 2394 966 2473; x_wconf 87' lang='grc' dir='ltr'>γὰρ</span> <span class='ocrx_word' id='word_1_128' title='bbox 1015 2394 1274 2473; x_wconf 89' lang='grc' dir='ltr'>Κύπρον</span> <span class='ocrx_word' id='word_1_129' title='bbox 1318 2394 1391 2459; x_wconf 78' lang='grc' dir='ltr'>δὲ</span> <span class='ocrx_word' id='word_1_130' title='bbox 1434 2394 1595 2473; x_wconf 91' lang='grc' dir='ltr'>μέγα</span> <span class='ocrx_word' id='word_1_131' title='bbox 1637 2394 1846 2478; x_wconf 88' lang='grc' dir='ltr'>κλέος,</span> <span class='ocrx_word' id='word_1_132' title='bbox 1900 2393 2111 2459; x_wconf 85' lang='grc' dir='ltr'>οὕνεκ’</span> <span class='ocrx_word' id='word_1_133' title='bbox 2156 2392 2395 2474; x_wconf 86' lang='grc' dir='ltr'>Ἀχαιοὶ</span> 
     </span>
     <span class='ocr_line' id='line_1_21' title="bbox 526 2494 2052 2577; baseline 0.001 -16"><span class='ocrx_word' id='word_1_134' title='bbox 526 2495 593 2561; x_wconf 84' lang='grc' dir='ltr'>ἐς</span> <span class='ocrx_word' id='word_1_135' title='bbox 638 2495 873 2577; x_wconf 85' lang='grc' dir='ltr'>Τροίην</span> <span class='ocrx_word' id='word_1_136' title='bbox 916 2495 1164 2576; x_wconf 87' lang='grc' dir='ltr'>νήεςςιν</span> <span class='ocrx_word' id='word_1_137' title='bbox 1208 2494 1707 2563; x_wconf 89' lang='grc' dir='ltr'>ἀναπλεύςεςθαι</span> <span class='ocrx_word' id='word_1_138' title='bbox 1750 2494 2052 2576; x_wconf 85' lang='grc' dir='ltr'>ἔμελλον·</span> 
     </span>
     <span class='ocr_line' id='line_1_22' title="bbox 524 2597 2044 2679; baseline -0.001 -14"><span class='ocrx_word' id='word_1_139' title='bbox 524 2598 799 2665; x_wconf 85' lang='grc' dir='ltr'>τοῦνεκά</span> <span class='ocrx_word' id='word_1_140' title='bbox 844 2597 905 2663; x_wconf 88' lang='grc' dir='ltr'>οἱ</span> <span class='ocrx_word' id='word_1_141' title='bbox 947 2599 1066 2664; x_wconf 89' lang='grc' dir='ltr'>τὸν</span> <span class='ocrx_word' id='word_1_142' title='bbox 1109 2602 1277 2664; x_wconf 84' lang='grc' dir='ltr'>δῶκε</span> <span class='ocrx_word' id='word_1_143' title='bbox 1322 2598 1740 2679; x_wconf 85' lang='grc' dir='ltr'>χαριζόμενος</span> <span class='ocrx_word' id='word_1_144' title='bbox 1786 2601 2044 2679; x_wconf 79' lang='grc' dir='ltr'>βαςιλῆι.</span> 
     </span>
     <span class='ocr_line' id='line_1_23' title="bbox 526 2699 2235 2784; baseline -0.001 -18"><span class='ocrx_word' id='word_1_145' title='bbox 526 2705 644 2766; x_wconf 82' lang='grc' dir='ltr'>τοῦ</span> <span class='ocrx_word' id='word_1_146' title='bbox 686 2700 743 2765; x_wconf 85' lang='grc' dir='ltr'>δ’</span> <span class='ocrx_word' id='word_1_147' title='bbox 784 2699 824 2779; x_wconf 86' lang='grc' dir='ltr'>ἦ</span> <span class='ocrx_word' id='word_1_148' title='bbox 868 2721 967 2765; x_wconf 94' lang='grc' dir='ltr'>τοι</span> <span class='ocrx_word' id='word_1_149' title='bbox 1013 2699 1167 2766; x_wconf 86' lang='grc' dir='ltr'>δέκα</span> <span class='ocrx_word' id='word_1_150' title='bbox 1210 2699 1384 2781; x_wconf 80' lang='grc' dir='ltr'>οἶμοι</span> <span class='ocrx_word' id='word_1_151' title='bbox 1429 2699 1581 2767; x_wconf 86' lang='grc' dir='ltr'>ἔςαν</span> <span class='ocrx_word' id='word_1_152' title='bbox 1624 2701 1905 2781; x_wconf 82' lang='grc' dir='ltr'>μέλανος</span> <span class='ocrx_word' id='word_1_153' title='bbox 1948 2699 2235 2784; x_wconf 89' lang='grc' dir='ltr'>κυάνοιο,</span> 
     </span>
    </p>

    <p class='ocr_par' dir='ltr' id='par_1_11' title="bbox 401 2801 2235 3097">
     <span class='ocr_line' id='line_1_24' title="bbox 401 2801 2037 2883; baseline 0.003 -20"><span class='ocrx_word' id='word_1_154' title='bbox 401 2809 481 2863; x_wconf 79' lang='grc'>25</span> <span class='ocrx_word' id='word_1_155' title='bbox 527 2804 776 2867; x_wconf 86' lang='grc' dir='ltr'>δώδεκα</span> <span class='ocrx_word' id='word_1_156' title='bbox 817 2804 890 2867; x_wconf 82' lang='grc' dir='ltr'>δὲ</span> <span class='ocrx_word' id='word_1_157' title='bbox 933 2804 1195 2883; x_wconf 86' lang='grc' dir='ltr'>χρυςοῑο</span> <span class='ocrx_word' id='word_1_158' title='bbox 1239 2803 1341 2868; x_wconf 89' lang='grc' dir='ltr'>καὶ</span> <span class='ocrx_word' id='word_1_159' title='bbox 1383 2801 1579 2868; x_wconf 85' lang='grc' dir='ltr'>εἴκοςι</span> <span class='ocrx_word' id='word_1_160' title='bbox 1622 2803 2037 2882; x_wconf 89' lang='grc' dir='ltr'>καςςιτέροιο·</span> 
     </span>
     <span class='ocr_line' id='line_1_25' title="bbox 527 2903 2208 2985; baseline 0 -16"><span class='ocrx_word' id='word_1_161' title='bbox 527 2904 787 2969; x_wconf 91' lang='grc' dir='ltr'>κυάνεοι</span> <span class='ocrx_word' id='word_1_162' title='bbox 828 2904 901 2968; x_wconf 81' lang='grc' dir='ltr'>δὲ</span> <span class='ocrx_word' id='word_1_163' title='bbox 944 2904 1288 2984; x_wconf 90' lang='grc' dir='ltr'>δράκοντες</span> <span class='ocrx_word' id='word_1_164' title='bbox 1333 2903 1713 2985; x_wconf 87' lang='grc' dir='ltr'>ὀρωρέχατο</span> <span class='ocrx_word' id='word_1_165' title='bbox 1757 2906 1948 2985; x_wconf 87' lang='grc' dir='ltr'>προτὶ</span> <span class='ocrx_word' id='word_1_166' title='bbox 1991 2906 2208 2984; x_wconf 85' lang='grc' dir='ltr'>δειρὴν</span> 
     </span>
     <span class='ocr_line' id='line_1_26' title="bbox 526 3004 2235 3097; baseline 0.001 -27"><span class='ocrx_word' id='word_1_167' title='bbox 526 3008 700 3085; x_wconf 86' lang='grc' dir='ltr'>τρεῖς</span> <span class='ocrx_word' id='word_1_168' title='bbox 741 3005 1044 3097; x_wconf 76' lang='grc' dir='ltr'>ἑκάτερθ’,</span> <span class='ocrx_word' id='word_1_169' title='bbox 1087 3004 1307 3085; x_wconf 81' lang='grc' dir='ltr'>ἰ’ριςςιν</span> <span class='ocrx_word' id='word_1_170' title='bbox 1353 3004 1669 3090; x_wconf 85' lang='grc' dir='ltr'>ἐοικότες,</span> <span class='ocrx_word' id='word_1_171' title='bbox 1713 3004 1790 3073; x_wconf 88' lang='grc' dir='ltr'>ἅς</span> <span class='ocrx_word' id='word_1_172' title='bbox 1830 3026 1900 3072; x_wconf 88' lang='grc' dir='ltr'>τε</span> <span class='ocrx_word' id='word_1_173' title='bbox 1949 3006 2235 3087; x_wconf 89' lang='grc' dir='ltr'>Κρονίων</span> 
     </span>
    </p>
   </div>
   <div class='ocr_carea' id='block_1_3' title="bbox 433 3131 763 3141">
    <p class='ocr_par' dir='ltr' id='par_1_12' title="bbox 433 3131 763 3141">
     <span class='ocr_line' id='line_1_27' title="bbox 433 3131 763 3141; baseline 0 1865"><span class='ocrx_word' id='word_1_174' title='bbox 433 3131 763 3141; x_wconf 95' lang='lat' dir='ltr'> </span> 
     </span>
    </p>
   </div>
   <div class='ocr_carea' id='block_1_4' title="bbox 357 3148 2644 3328">
    <p class='ocr_par' dir='ltr' id='par_1_13' title="bbox 357 3148 2644 3328">
     <span class='ocr_line' id='line_1_28' title="bbox 494 3148 2642 3258; baseline 0 -15"><span class='ocrx_word' id='word_1_175' title='bbox 494 3187 563 3244; x_wconf 88' lang='lat' dir='ltr'>V.</span> <span class='ocrx_word' id='word_1_176' title='bbox 601 3209 655 3244; x_wconf 76' lang='grc' dir='ltr'>ι.</span> <span class='ocrx_word' id='word_1_177' title='bbox 712 3196 745 3245; x_wconf 85' lang='grc'><strong>3</strong></span> <span class='ocrx_word' id='word_1_178' title='bbox 780 3148 971 3245; x_wconf 25' lang='grc' dir='ltr'>ἑπιοΑ.</span> <span class='ocrx_word' id='word_1_179' title='bbox 1017 3219 1066 3229; x_wconf 77' lang='lat'>-—</span> <span class='ocrx_word' id='word_1_180' title='bbox 1110 3195 1145 3243; x_wconf 79' lang='lat'>4</span> <span class='ocrx_word' id='word_1_181' title='bbox 1178 3206 1318 3257; x_wconf 91' lang='grc' dir='ltr'>μετα</span> <span class='ocrx_word' id='word_1_182' title='bbox 1354 3193 1419 3245; x_wconf 85' lang='grc' dir='ltr'>Α.</span> <span class='ocrx_word' id='word_1_183' title='bbox 1458 3220 1519 3230; x_wconf 93' lang='grc'><strong>-</strong></span> <span class='ocrx_word' id='word_1_184' title='bbox 1558 3197 1593 3245; x_wconf 88' lang='grc'>8</span> <span class='ocrx_word' id='word_1_185' title='bbox 1627 3192 1663 3245; x_wconf 83' lang='grc' dir='ltr'><strong>ἀ</strong></span> <span class='ocrx_word' id='word_1_186' title='bbox 1696 3196 1857 3258; x_wconf 81' lang='grc' dir='ltr'>ῑλῆος</span> <span class='ocrx_word' id='word_1_187' title='bbox 1894 3190 1953 3246; x_wconf 85' lang='grc' dir='ltr'>Ο.</span> <span class='ocrx_word' id='word_1_188' title='bbox 1992 3191 2082 3247; x_wconf 89' lang='grc' dir='ltr'>τοί</span> <span class='ocrx_word' id='word_1_189' title='bbox 2156 3193 2195 3244; x_wconf 78' lang='lat' dir='ltr'>&#39;z</span> <span class='ocrx_word' id='word_1_190' title='bbox 2233 3190 2288 3245; x_wconf 75' lang='grc' dir='ltr'>οἳ</span> <span class='ocrx_word' id='word_1_191' title='bbox 2324 3188 2385 3244; x_wconf 87' lang='grc' dir='ltr'>Ε.</span> <span class='ocrx_word' id='word_1_192' title='bbox 2420 3191 2642 3258; x_wconf 84' lang='grc' dir='ltr'>ἔςχατοι</span> 
     </span>
     <span class='ocr_line' id='line_1_29' title="bbox 357 3210 2644 3328; baseline 0 -17"><span class='ocrx_word' id='word_1_193' title='bbox 357 3258 418 3312; x_wconf 90' lang='lat' dir='ltr'><strong>L.</strong></span> <span class='ocrx_word' id='word_1_194' title='bbox 456 3287 518 3297; x_wconf 90' lang='lat'><em>-</em></span> <span class='ocrx_word' id='word_1_195' title='bbox 558 3264 621 3312; x_wconf 84' lang='lat'>10</span> <span class='ocrx_word' id='word_1_196' title='bbox 656 3276 693 3325; x_wconf 92' lang='grc' dir='ltr'>μ</span> <span class='ocrx_word' id='word_1_197' title='bbox 761 3259 798 3311; x_wconf 85' lang='grc' dir='ltr'>ά</span> <span class='ocrx_word' id='word_1_198' title='bbox 830 3275 896 3313; x_wconf 90' lang='grc' dir='ltr'>τε</span> <span class='ocrx_word' id='word_1_199' title='bbox 932 3259 991 3311; x_wconf 87' lang='lat' dir='ltr'><strong>C.</strong></span> <span class='ocrx_word' id='word_1_200' title='bbox 1032 3288 1087 3297; x_wconf 91' lang='lat'>--</span> <span class='ocrx_word' id='word_1_201' title='bbox 1131 3263 1188 3311; x_wconf 89' lang='lat'>11</span> <span class='ocrx_word' id='word_1_202' title='bbox 1229 3259 1265 3312; x_wconf 81' lang='grc' dir='ltr'>ἀ</span> <span class='ocrx_word' id='word_1_203' title='bbox 1299 3264 1464 3314; x_wconf 80' lang='grc' dir='ltr'>αιοῖςι</span> <span class='ocrx_word' id='word_1_204' title='bbox 1499 3258 1641 3313; x_wconf 83' lang='lat' dir='ltr'>CDE</span> <span class='ocrx_word' id='word_1_205' title='bbox 1665 3210 1862 3314; x_wconf 42' lang='lat' dir='ltr'>§elleh</span> <span class='ocrx_word' id='word_1_206' title='bbox 1887 3260 2110 3328; x_wconf 80' lang='lat' dir='ltr'><strong>Aristop</strong></span> <span class='ocrx_word' id='word_1_207' title='bbox 2156 3300 2168 3312; x_wconf 94' lang='lat'><strong>.</strong></span> <span class='ocrx_word' id='word_1_208' title='bbox 2195 3258 2433 3312; x_wconf 82' lang='lat' dir='ltr'><strong>Acharn.</strong></span> <span class='ocrx_word' id='word_1_209' title='bbox 2475 3264 2552 3312; x_wconf 84' lang='lat'><strong>16.</strong></span> <span class='ocrx_word' id='word_1_210' title='bbox 2577 3288 2644 3299; x_wconf 92' lang='lat'>-</span> 
     </span>
    </p>
   </div>
   <div class='ocr_carea' id='block_1_5' title="bbox 358 3325 2647 3871">
    <p class='ocr_par' dir='ltr' id='par_1_14' title="bbox 358 3325 2647 3871">
     <span class='ocr_line' id='line_1_30' title="bbox 360 3325 2644 3406; baseline 0.001 -28"><span class='ocrx_word' id='word_1_211' title='bbox 360 3332 424 3378; x_wconf 83' lang='grc'>12</span> <span class='ocrx_word' id='word_1_212' title='bbox 460 3326 657 3395; x_wconf 83' lang='grc' dir='ltr'>κραδίῃ</span> <span class='ocrx_word' id='word_1_213' title='bbox 748 3325 867 3384; x_wconf 86' lang='lat' dir='ltr'><strong>DH.</strong></span> <span class='ocrx_word' id='word_1_214' title='bbox 915 3327 1166 3395; x_wconf 78' lang='grc' dir='ltr'>ἄληκτον</span> <span class='ocrx_word' id='word_1_215' title='bbox 1209 3325 1252 3379; x_wconf 83' lang='lat' dir='ltr'>C</span> <span class='ocrx_word' id='word_1_216' title='bbox 1349 3325 1496 3395; x_wconf 74' lang='lat' dir='ltr'><strong>Lips.</strong></span> <span class='ocrx_word' id='word_1_217' title='bbox 1544 3357 1605 3365; x_wconf 90' lang='lat'>-</span> <span class='ocrx_word' id='word_1_218' title='bbox 1668 3333 1729 3380; x_wconf 79' lang='lat'>15</span> <span class='ocrx_word' id='word_1_219' title='bbox 1774 3330 1874 3406; x_wconf 74' lang='grc' dir='ltr'>ἠδὲ</span> <span class='ocrx_word' id='word_1_220' title='bbox 1921 3326 1988 3381; x_wconf 82' lang='lat' dir='ltr'><strong>G.</strong></span> <span class='ocrx_word' id='word_1_221' title='bbox 2039 3328 2226 3395; x_wconf 85' lang='grc' dir='ltr'>ἐβόης’</span> <span class='ocrx_word' id='word_1_222' title='bbox 2308 3328 2370 3381; x_wconf 84' lang='grc' dir='ltr'>δὲ</span> <span class='ocrx_word' id='word_1_223' title='bbox 2417 3325 2644 3380; x_wconf 81' lang='grc' dir='ltr'>Βειτοοο.</span> 
     </span>
     <span class='ocr_line' id='line_1_31' title="bbox 358 3392 2644 3460; baseline 0 -12"><span class='ocrx_word' id='word_1_224' title='bbox 358 3395 634 3448; x_wconf 82' lang='grc' dir='ltr'>ζώνυςθαι</span> <span class='ocrx_word' id='word_1_225' title='bbox 669 3392 810 3447; x_wconf 85' lang='lat' dir='ltr'>CDE</span> <span class='ocrx_word' id='word_1_226' title='bbox 834 3399 951 3460; x_wconf 80' lang='grc'>827,</span> <span class='ocrx_word' id='word_1_227' title='bbox 977 3399 1025 3446; x_wconf 82' lang='grc'>7.</span> <span class='ocrx_word' id='word_1_228' title='bbox 1064 3424 1124 3433; x_wconf 94' lang='grc'>-</span> <span class='ocrx_word' id='word_1_229' title='bbox 1170 3399 1228 3446; x_wconf 77' lang='lat'>16</span> <span class='ocrx_word' id='word_1_230' title='bbox 1264 3395 1501 3448; x_wconf 80' lang='grc' dir='ltr'>έδύςατο</span> <span class='ocrx_word' id='word_1_231' title='bbox 1526 3394 1718 3448; x_wconf 86' lang='lat' dir='ltr'><strong>ACDE</strong></span> <span class='ocrx_word' id='word_1_232' title='bbox 1752 3395 1840 3448; x_wconf 66' lang='grc' dir='ltr'>διε</span> <span class='ocrx_word' id='word_1_233' title='bbox 1874 3393 1937 3449; x_wconf 79' lang='lat' dir='ltr'><strong>G.</strong></span> <span class='ocrx_word' id='word_1_234' title='bbox 1976 3395 2242 3450; x_wconf 81' lang='grc' dir='ltr'>ἐδύςςατο</span> <span class='ocrx_word' id='word_1_235' title='bbox 2322 3394 2379 3447; x_wconf 81' lang='lat' dir='ltr'><strong>L.</strong></span> <span class='ocrx_word' id='word_1_236' title='bbox 2416 3395 2644 3450; x_wconf 87' lang='grc' dir='ltr'>ἑδύςετο</span> 
     </span>
     <span class='ocr_line' id='line_1_32' title="bbox 361 3516 2644 3599; baseline 0 -16"><span class='ocrx_word' id='word_1_237' title='bbox 361 3529 520 3585; x_wconf 79' lang='lat' dir='ltr'><strong>Cant.</strong></span> <span class='ocrx_word' id='word_1_238' title='bbox 557 3530 823 3584; x_wconf 83' lang='grc' dir='ltr'>ἐνδύςατο</span> <span class='ocrx_word' id='word_1_239' title='bbox 858 3531 1096 3597; x_wconf 87' lang='grc' dir='ltr'>νώροπα</span> <span class='ocrx_word' id='word_1_240' title='bbox 1132 3516 1344 3595; x_wconf 78' lang='grc' dir='ltr'>χαλκόν</span> <span class='ocrx_word' id='word_1_241' title='bbox 1368 3529 1420 3583; x_wconf 88' lang='lat' dir='ltr'><strong>S.</strong></span> <span class='ocrx_word' id='word_1_242' title='bbox 1457 3560 1523 3569; x_wconf 96' lang='lat'>—</span> <span class='ocrx_word' id='word_1_243' title='bbox 1565 3536 1635 3583; x_wconf 71' lang='grc' dir='ltr'>Π,</span> <span class='ocrx_word' id='word_1_244' title='bbox 1662 3533 1928 3599; x_wconf 88' lang='grc' dir='ltr'>κνημίδας</span> <span class='ocrx_word' id='word_1_245' title='bbox 1953 3530 2116 3585; x_wconf 82' lang='lat' dir='ltr'><strong>CGH.</strong></span> <span class='ocrx_word' id='word_1_246' title='bbox 2155 3535 2390 3598; x_wconf 86' lang='grc' dir='ltr'>πρῶτον</span> <span class='ocrx_word' id='word_1_247' title='bbox 2414 3529 2480 3584; x_wconf 79' lang='lat' dir='ltr'><strong>G.</strong></span> <span class='ocrx_word' id='word_1_248' title='bbox 2515 3547 2644 3598; x_wconf 85' lang='grc' dir='ltr'>περι</span> 
     </span>
     <span class='ocr_line' id='line_1_33' title="bbox 359 3595 2645 3666; baseline 0.001 -17"><span class='ocrx_word' id='word_1_249' title='bbox 359 3598 428 3649; x_wconf 83' lang='grc' dir='ltr'>Α.</span> <span class='ocrx_word' id='word_1_250' title='bbox 463 3599 630 3666; x_wconf 82' lang='grc' dir='ltr'>ἔθηκε</span> <span class='ocrx_word' id='word_1_251' title='bbox 653 3595 871 3652; x_wconf 84' lang='lat' dir='ltr'><strong>ACGH.</strong></span> <span class='ocrx_word' id='word_1_252' title='bbox 911 3633 968 3641; x_wconf 73' lang='grc'>..-</span> <span class='ocrx_word' id='word_1_253' title='bbox 1017 3602 1076 3650; x_wconf 83' lang='grc'>18</span> <span class='ocrx_word' id='word_1_254' title='bbox 1112 3598 1206 3652; x_wconf 80' lang='grc' dir='ltr'>ἐπὶ</span> <span class='ocrx_word' id='word_1_255' title='bbox 1242 3598 1492 3665; x_wconf 85' lang='grc' dir='ltr'>ςφυρίοις</span> <span class='ocrx_word' id='word_1_256' title='bbox 1519 3596 1641 3651; x_wconf 86' lang='lat' dir='ltr'><strong>DH.</strong></span> <span class='ocrx_word' id='word_1_257' title='bbox 1680 3600 1886 3666; x_wconf 78' lang='grc' dir='ltr'>ἑπιςφυ</span> <span class='ocrx_word' id='word_1_258' title='bbox 1923 3601 2090 3655; x_wconf 85' lang='grc' dir='ltr'>έοιςιν</span> <span class='ocrx_word' id='word_1_259' title='bbox 2115 3599 2173 3652; x_wconf 90' lang='lat' dir='ltr'>L.</span> <span class='ocrx_word' id='word_1_260' title='bbox 2210 3629 2275 3638; x_wconf 94' lang='lat'>—-</span> <span class='ocrx_word' id='word_1_261' title='bbox 2313 3604 2377 3652; x_wconf 86' lang='lat'>19</span> <span class='ocrx_word' id='word_1_262' title='bbox 2413 3600 2645 3665; x_wconf 87' lang='grc' dir='ltr'>θώρακα</span> 
     </span>
     <span class='ocr_line' id='line_1_34' title="bbox 361 3664 2644 3734; baseline 0.001 -16"><span class='ocrx_word' id='word_1_263' title='bbox 361 3665 430 3720; x_wconf 87' lang='lat' dir='ltr'>G.</span> <span class='ocrx_word' id='word_1_264' title='bbox 467 3682 595 3733; x_wconf 89' lang='grc' dir='ltr'>περι</span> <span class='ocrx_word' id='word_1_265' title='bbox 628 3664 695 3722; x_wconf 91' lang='lat' dir='ltr'>D.</span> <span class='ocrx_word' id='word_1_266' title='bbox 742 3668 903 3720; x_wconf 79' lang='grc' dir='ltr'>ἔδυνε</span> <span class='ocrx_word' id='word_1_267' title='bbox 938 3664 1206 3719; x_wconf 85' lang='lat' dir='ltr'><strong>ACDGH.</strong></span> <span class='ocrx_word' id='word_1_268' title='bbox 1250 3696 1312 3707; x_wconf 81' lang='lat'>—·</span> <span class='ocrx_word' id='word_1_269' title='bbox 1361 3671 1427 3719; x_wconf 90' lang='grc'>20</span> <span class='ocrx_word' id='word_1_270' title='bbox 1464 3668 1699 3734; x_wconf 84' lang='grc' dir='ltr'>Κινύρας</span> <span class='ocrx_word' id='word_1_271' title='bbox 1735 3666 1880 3721; x_wconf 82' lang='lat' dir='ltr'><strong>Scho</strong></span> <span class='ocrx_word' id='word_1_272' title='bbox 1905 3707 1919 3721; x_wconf 90' lang='lat'><strong>.</strong></span> <span class='ocrx_word' id='word_1_273' title='bbox 1954 3666 2114 3720; x_wconf 87' lang='lat' dir='ltr'><strong>Pind.</strong></span> <span class='ocrx_word' id='word_1_274' title='bbox 2160 3665 2324 3719; x_wconf 84' lang='lat' dir='ltr'><strong>Nem.</strong></span> <span class='ocrx_word' id='word_1_275' title='bbox 2362 3665 2525 3731; x_wconf 85' lang='lat' dir='ltr'>V111,</span> <span class='ocrx_word' id='word_1_276' title='bbox 2560 3672 2644 3722; x_wconf 83' lang='lat'><strong>28.</strong></span> 
     </span>
     <span class='ocr_line' id='line_1_35' title="bbox 360 3733 2647 3801; baseline -0.001 -14"><span class='ocrx_word' id='word_1_277' title='bbox 360 3762 430 3772; x_wconf 90' lang='lat'>—</span> <span class='ocrx_word' id='word_1_278' title='bbox 462 3739 524 3787; x_wconf 79' lang='lat'>21</span> <span class='ocrx_word' id='word_1_279' title='bbox 563 3734 785 3801; x_wconf 89' lang='grc' dir='ltr'>κύπρον</span> <span class='ocrx_word' id='word_1_280' title='bbox 819 3736 878 3787; x_wconf 83' lang='grc' dir='ltr'>δὲ</span> <span class='ocrx_word' id='word_1_281' title='bbox 914 3733 1031 3787; x_wconf 94' lang='lat' dir='ltr'><strong>AD.</strong></span> <span class='ocrx_word' id='word_1_282' title='bbox 1065 3742 1132 3772; x_wconf 86' lang='lat'>—‘-</span> <span class='ocrx_word' id='word_1_283' title='bbox 1166 3739 1232 3787; x_wconf 85' lang='grc'>22</span> <span class='ocrx_word' id='word_1_284' title='bbox 1268 3734 1716 3790; x_wconf 82' lang='grc' dir='ltr'>ἀναπλεύςαςθαι</span> <span class='ocrx_word' id='word_1_285' title='bbox 1751 3735 1794 3789; x_wconf 83' lang='lat' dir='ltr'>C</span> <span class='ocrx_word' id='word_1_286' title='bbox 1829 3734 1988 3789; x_wconf 77' lang='lat' dir='ltr'><strong>Cant.</strong></span> <span class='ocrx_word' id='word_1_287' title='bbox 2020 3733 2209 3788; x_wconf 83' lang='lat' dir='ltr'><strong>Schol.</strong></span> <span class='ocrx_word' id='word_1_288' title='bbox 2246 3734 2290 3787; x_wconf 94' lang='grc' dir='ltr'>Α</span> <span class='ocrx_word' id='word_1_289' title='bbox 2332 3739 2442 3787; x_wconf 80' lang='lat'><strong>105.</strong></span> <span class='ocrx_word' id='word_1_290' title='bbox 2477 3763 2542 3772; x_wconf 89' lang='lat'><strong>—</strong></span> <span class='ocrx_word' id='word_1_291' title='bbox 2578 3737 2647 3786; x_wconf 84' lang='grc'>24</span> 
     </span>
     <span class='ocr_line' id='line_1_36' title="bbox 360 3799 2645 3871; baseline -0 -16"><span class='ocrx_word' id='word_1_292' title='bbox 360 3803 430 3867; x_wconf 84' lang='grc' dir='ltr'>δή</span> <span class='ocrx_word' id='word_1_293' title='bbox 466 3818 554 3855; x_wconf 91' lang='grc' dir='ltr'>τοι</span> <span class='ocrx_word' id='word_1_294' title='bbox 588 3800 685 3855; x_wconf 89' lang='lat' dir='ltr'>HL</span> <span class='ocrx_word' id='word_1_295' title='bbox 731 3800 883 3858; x_wconf 83' lang='lat' dir='ltr'><strong>Harl.</strong></span> <span class='ocrx_word' id='word_1_296' title='bbox 929 3802 1073 3870; x_wconf 84' lang='grc' dir='ltr'>δῆτα</span> <span class='ocrx_word' id='word_1_297' title='bbox 1117 3801 1199 3854; x_wconf 80' lang='lat' dir='ltr'>Et.</span> <span class='ocrx_word' id='word_1_298' title='bbox 1247 3801 1361 3871; x_wconf 83' lang='lat' dir='ltr'><strong>Mg.</strong></span> <span class='ocrx_word' id='word_1_299' title='bbox 1405 3807 1531 3867; x_wconf 83' lang='grc'>618,</span> <span class='ocrx_word' id='word_1_300' title='bbox 1572 3807 1618 3856; x_wconf 89' lang='grc'>1.</span> <span class='ocrx_word' id='word_1_301' title='bbox 1653 3803 1804 3868; x_wconf 78' lang='grc' dir='ltr'>οἶμοι</span> <span class='ocrx_word' id='word_1_302' title='bbox 1841 3802 1898 3858; x_wconf 89' lang='lat' dir='ltr'><strong>C.</strong></span> <span class='ocrx_word' id='word_1_303' title='bbox 1940 3833 2007 3842; x_wconf 96' lang='lat'><strong>—</strong></span> <span class='ocrx_word' id='word_1_304' title='bbox 2050 3808 2118 3857; x_wconf 80' lang='grc'>26</span> <span class='ocrx_word' id='word_1_305' title='bbox 2153 3817 2320 3869; x_wconf 88' lang='grc' dir='ltr'>προτι</span> <span class='ocrx_word' id='word_1_306' title='bbox 2356 3799 2472 3858; x_wconf 89' lang='lat' dir='ltr'>AD.</span> <span class='ocrx_word' id='word_1_307' title='bbox 2510 3803 2645 3855; x_wconf 82' lang='grc' dir='ltr'>ποτὶ</span> 
     </span>
    </p>
   </div>
   <div class='ocr_carea' id='block_1_6' title="bbox 362 3885 2645 4039">
    <p class='ocr_par' dir='ltr' id='par_1_15' title="bbox 362 3885 2645 4039">
     <span class='ocr_line' id='line_1_37' title="bbox 363 3885 2645 3972; baseline -0.001 -17"><span class='ocrx_word' id='word_1_308' title='bbox 363 3900 566 3956; x_wconf 83' lang='lat' dir='ltr'><strong>CEHS.</strong></span> <span class='ocrx_word' id='word_1_309' title='bbox 599 3932 669 3943; x_wconf 89' lang='lat'>—</span> <span class='ocrx_word' id='word_1_310' title='bbox 702 3908 766 3957; x_wconf 84' lang='grc'>27</span> <span class='ocrx_word' id='word_1_311' title='bbox 804 3903 1103 3970; x_wconf 85' lang='grc' dir='ltr'>ἑκάτερθεν</span> <span class='ocrx_word' id='word_1_312' title='bbox 1139 3903 1194 3958; x_wconf 89' lang='lat' dir='ltr'><strong>S.</strong></span> <span class='ocrx_word' id='word_1_313' title='bbox 1229 3885 1532 3972; x_wconf 64' lang='grc' dir='ltr'>ιὲκάτερθῗν</span> <span class='ocrx_word' id='word_1_314' title='bbox 1555 3904 1614 3957; x_wconf 87' lang='lat' dir='ltr'><strong>L.</strong></span> <span class='ocrx_word' id='word_1_315' title='bbox 1651 3902 2015 3972; x_wconf 83' lang='grc' dir='ltr'>ῐριςιν-Ι)ΕΗ.</span> <span class='ocrx_word' id='word_1_316' title='bbox 2060 3904 2263 3970; x_wconf 81' lang='grc' dir='ltr'>ίρεςςιν</span> <span class='ocrx_word' id='word_1_317' title='bbox 2298 3901 2538 3970; x_wconf 77' lang='lat' dir='ltr'><strong>Hesych.</strong></span> <span class='ocrx_word' id='word_1_318' title='bbox 2578 3901 2645 3968; x_wconf 87' lang='grc' dir='ltr'>ΙΙ,</span> 
     </span>
     <span class='ocr_line' id='line_1_38' title="bbox 362 3969 1359 4039; baseline 0.005 -17"><span class='ocrx_word' id='word_1_319' title='bbox 362 3976 479 4023; x_wconf 80' lang='grc'><strong>369.</strong></span> <span class='ocrx_word' id='word_1_320' title='bbox 514 3970 701 4039; x_wconf 85' lang='lat' dir='ltr'><strong>Apoll.</strong></span> <span class='ocrx_word' id='word_1_321' title='bbox 741 3969 991 4036; x_wconf 74' lang='lat' dir='ltr'><strong>Lex.,92‚</strong></span> <span class='ocrx_word' id='word_1_322' title='bbox 1025 3978 1108 4028; x_wconf 85' lang='grc'>29.</span> <span class='ocrx_word' id='word_1_323' title='bbox 1145 3971 1359 4027; x_wconf 79' lang='lat' dir='ltr'>&#39;I&#39;ownL</span> 
     </span>
    </p>
   </div>
   <div class='ocr_carea' id='block_1_7' title="bbox 365 4084 766 4092">
    <p class='ocr_par' dir='ltr' id='par_1_16' title="bbox 365 4084 766 4092">
     <span class='ocr_line' id='line_1_39' title="bbox 365 4084 766 4092; baseline 0 0"><span class='ocrx_word' id='word_1_324' title='bbox 365 4084 766 4092; x_wconf 95' lang='lat' dir='ltr'> </span> 
     </span>
    </p>
   </div>
   <div class='ocr_carea' id='block_1_8' title="bbox 363 4139 2645 4419">
    <p class='ocr_par' dir='ltr' id='par_1_17' title="bbox 363 4139 2645 4419">
     <span class='ocr_line' id='line_1_40' title="bbox 498 4139 2640 4208; baseline -0.001 -13"><span class='ocrx_word' id='word_1_325' title='bbox 498 4141 563 4195; x_wconf 87' lang='lat' dir='ltr'><strong>A.</strong></span> <span class='ocrx_word' id='word_1_326' title='bbox 599 4157 647 4194; x_wconf 86' lang='lat' dir='ltr'><strong>c.</strong></span> <span class='ocrx_word' id='word_1_327' title='bbox 707 4147 788 4205; x_wconf 85' lang='grc'>13,</span> <span class='ocrx_word' id='word_1_328' title='bbox 814 4146 878 4193; x_wconf 81' lang='lat'>14</span> <span class='ocrx_word' id='word_1_329' title='bbox 913 4140 1249 4195; x_wconf 79' lang='grc' dir='ltr'>ἀθετοῦνται</span> <span class='ocrx_word' id='word_1_330' title='bbox 1273 4141 1728 4199; x_wconf 76' lang='lat' dir='ltr'><strong>Aristonicus.</strong></span> <span class='ocrx_word' id='word_1_331' title='bbox 1790 4139 2066 4193; x_wconf 75' lang='lat' dir='ltr'><strong>asterisci:</strong></span> <span class='ocrx_word' id='word_1_332' title='bbox 2103 4143 2287 4208; x_wconf 83' lang='grc' dir='ltr'>ὀρθῶς</span> <span class='ocrx_word' id='word_1_333' title='bbox 2315 4142 2355 4195; x_wconf 88' lang='grc' dir='ltr'>Β</span> <span class='ocrx_word' id='word_1_334' title='bbox 2379 4145 2497 4207; x_wconf 82' lang='grc'>453,</span> <span class='ocrx_word' id='word_1_335' title='bbox 2524 4147 2640 4194; x_wconf 76' lang='grc'><strong>454.</strong></span> 
     </span>
     <span class='ocr_line' id='line_1_41' title="bbox 363 4208 2644 4277; baseline 0 -15"><span class='ocrx_word' id='word_1_336' title='bbox 363 4211 455 4262; x_wconf 83' lang='grc' dir='ltr'>καὶ</span> <span class='ocrx_word' id='word_1_337' title='bbox 500 4209 652 4276; x_wconf 79' lang='grc' dir='ltr'>παρὰ</span> <span class='ocrx_word' id='word_1_338' title='bbox 696 4208 1083 4277; x_wconf 86' lang='grc' dir='ltr'>Ἀριςτοφάνει</span> <span class='ocrx_word' id='word_1_339' title='bbox 1134 4210 1195 4262; x_wconf 82' lang='grc' dir='ltr'>δὲ</span> <span class='ocrx_word' id='word_1_340' title='bbox 1245 4211 1590 4276; x_wconf 83' lang='grc' dir='ltr'>ἠθετοθντο,</span> <span class='ocrx_word' id='word_1_341' title='bbox 1647 4209 1798 4275; x_wconf 82' lang='grc' dir='ltr'>παρὰ</span> <span class='ocrx_word' id='word_1_342' title='bbox 1841 4209 2152 4277; x_wconf 87' lang='grc' dir='ltr'>Ζηνοδότῳ</span> <span class='ocrx_word' id='word_1_343' title='bbox 2206 4210 2267 4263; x_wconf 84' lang='grc' dir='ltr'>δὲ</span> <span class='ocrx_word' id='word_1_344' title='bbox 2320 4210 2451 4262; x_wconf 82' lang='grc' dir='ltr'>οὐδὲ</span> <span class='ocrx_word' id='word_1_345' title='bbox 2500 4210 2644 4276; x_wconf 79' lang='grc' dir='ltr'>ἢςαν</span> 
     </span>
     <span class='ocr_line' id='line_1_42' title="bbox 365 4274 2645 4346; baseline 0.001 -19"><span class='ocrx_word' id='word_1_346' title='bbox 365 4274 708 4345; x_wconf 75' lang='lat' dir='ltr'><strong>Didymus.</strong></span> <span class='ocrx_word' id='word_1_347' title='bbox 745 4304 812 4315; x_wconf 89' lang='lat'>-</span> <span class='ocrx_word' id='word_1_348' title='bbox 846 4281 913 4330; x_wconf 76' lang='grc'>26</span> <span class='ocrx_word' id='word_1_349' title='bbox 956 4278 1021 4330; x_wconf 78' lang='grc' dir='ltr'>ἐν</span> <span class='ocrx_word' id='word_1_350' title='bbox 1063 4282 1136 4344; x_wconf 77' lang='grc' dir='ltr'>τῇ</span> <span class='ocrx_word' id='word_1_351' title='bbox 1184 4278 1620 4344; x_wconf 86' lang='grc' dir='ltr'>Ἀριςτοφάνους</span> <span class='ocrx_word' id='word_1_352' title='bbox 1665 4277 1984 4343; x_wconf 86' lang='grc' dir='ltr'>ςμερδαλέοι</span> <span class='ocrx_word' id='word_1_353' title='bbox 2028 4277 2088 4329; x_wconf 81' lang='grc' dir='ltr'>δέ</span> <span class='ocrx_word' id='word_1_354' title='bbox 2131 4277 2436 4344; x_wconf 85' lang='grc' dir='ltr'>δράκοντες</span> <span class='ocrx_word' id='word_1_355' title='bbox 2472 4277 2645 4346; x_wconf 75' lang='grc' dir='ltr'>ἑλειχ-</span> 
     </span>
     <span class='ocr_line' id='line_1_43' title="bbox 365 4343 2101 4419; baseline 0.001 -22"><span class='ocrx_word' id='word_1_356' title='bbox 365 4348 561 4419; x_wconf 76' lang='grc' dir='ltr'>μῶντο</span> <span class='ocrx_word' id='word_1_357' title='bbox 596 4343 940 4412; x_wconf 77' lang='lat' dir='ltr'><strong>Didymus,</strong></span> <span class='ocrx_word' id='word_1_358' title='bbox 978 4382 1040 4388; x_wconf 89' lang='lat'>-</span> <span class='ocrx_word' id='word_1_359' title='bbox 1077 4351 1141 4399; x_wconf 81' lang='grc'>27</span> <span class='ocrx_word' id='word_1_360' title='bbox 1178 4348 1482 4413; x_wconf 84' lang='grc' dir='ltr'>Ζηνόδοτος</span> <span class='ocrx_word' id='word_1_361' title='bbox 1519 4346 1781 4412; x_wconf 84' lang='grc' dir='ltr'>ἑρίδεςςιν</span> <span class='ocrx_word' id='word_1_362' title='bbox 1817 4343 1999 4397; x_wconf 82' lang='lat' dir='ltr'><strong>Schol.</strong></span> <span class='ocrx_word' id='word_1_363' title='bbox 2037 4344 2101 4399; x_wconf 91' lang='lat' dir='ltr'><strong>A.</strong></span> 
     </span>
    </p>
   </div>
  </div>
 </body>
</html>
