<?xml version="1.0" encoding="UTF-8"?>
<!DOCTYPE html PUBLIC "-//W3C//DTD XHTML 1.0 Transitional//EN"
    "http://www.w3.org/TR/xhtml1/DTD/xhtml1-transitional.dtd">
<html xmlns="http://www.w3.org/1999/xhtml" xml:lang="en" lang="en">
 <head>
  <title>
</title>
<meta http-equiv="Content-Type" content="text/html;charset=utf-8" />
  <meta name='ocr-system' content='tesseract 3.04.00' />
  <meta name='ocr-capabilities' content='ocr_page ocr_carea ocr_par ocr_line ocrx_word'/>
</head>
<body>
  <div class='ocr_page' id='page_1' title='image "./iliasadfidemlib00homegoog_0412.png"; bbox 0 0 3144 5006; ppageno 0'>
   <div class='ocr_carea' id='block_1_1' title="bbox 528 401 1899 465">
    <p class='ocr_par' dir='ltr' id='par_1_1' title="bbox 528 401 1899 465">
     <span class='ocr_line' id='line_1_1' title="bbox 528 401 1899 465; baseline -0.004 0"><span class='ocrx_word' id='word_1_1' title='bbox 528 401 612 465; x_wconf 79' lang='lat'>32</span> <span class='ocrx_word' id='word_1_2' title='bbox 1453 401 1774 458; x_wconf 79' lang='grc' dir='ltr'>ιΛιΑΔος</span> <span class='ocrx_word' id='word_1_3' title='bbox 1836 402 1899 459; x_wconf 81' lang='grc' dir='ltr'>Ν.</span> 
     </span>
    </p>
   </div>
   <div class='ocr_carea' id='block_1_2' title="bbox 529 554 2819 3213">
    <p class='ocr_par' dir='ltr' id='par_1_2' title="bbox 529 554 2819 3213">
     <span class='ocr_line' id='line_1_2' title="bbox 695 554 2334 636; baseline -0.001 -16"><span class='ocrx_word' id='word_1_4' title='bbox 695 556 733 634; x_wconf 84' lang='grc' dir='ltr'>ἦ</span> <span class='ocrx_word' id='word_1_5' title='bbox 780 556 910 635; x_wconf 81' lang='grc' dir='ltr'>μετ’</span> <span class='ocrx_word' id='word_1_6' title='bbox 954 555 1228 635; x_wconf 79' lang='grc' dir='ltr'>Ἀχαιῶν</span> <span class='ocrx_word' id='word_1_7' title='bbox 1273 556 1491 634; x_wconf 83' lang='grc' dir='ltr'>νηυςὶν</span> <span class='ocrx_word' id='word_1_8' title='bbox 1536 554 1664 619; x_wconf 86' lang='grc' dir='ltr'>ὑπὸ</span> <span class='ocrx_word' id='word_1_9' title='bbox 1711 554 1985 636; x_wconf 64' lang='grc' dir='ltr'>Τρυῖιεςςι</span> <span class='ocrx_word' id='word_1_10' title='bbox 2030 558 2334 634; x_wconf 82' lang='grc' dir='ltr'>δαμῆναι·</span> 
     </span>
     <span class='ocr_line' id='line_1_3' title="bbox 696 655 2394 737; baseline 0 -17"><span class='ocrx_word' id='word_1_11' title='bbox 696 661 788 721; x_wconf 86' lang='grc' dir='ltr'>τῶ</span> <span class='ocrx_word' id='word_1_12' title='bbox 834 657 890 737; x_wconf 78' lang='grc' dir='ltr'>ῥ’</span> <span class='ocrx_word' id='word_1_13' title='bbox 934 655 1064 736; x_wconf 91' lang='grc' dir='ltr'>ἅμα</span> <span class='ocrx_word' id='word_1_14' title='bbox 1105 657 1158 721; x_wconf 80' lang='grc' dir='ltr'>τ’</span> <span class='ocrx_word' id='word_1_15' title='bbox 1203 656 1526 736; x_wconf 82' lang='grc' dir='ltr'>ἀργαλέην</span> <span class='ocrx_word' id='word_1_16' title='bbox 1570 658 1745 734; x_wconf 86' lang='grc' dir='ltr'>θωὴν</span> <span class='ocrx_word' id='word_1_17' title='bbox 1790 655 2078 721; x_wconf 81' lang='grc' dir='ltr'>ἀλέεινεν</span> <span class='ocrx_word' id='word_1_18' title='bbox 2124 656 2394 736; x_wconf 84' lang='grc' dir='ltr'>Ἀχαιῶν</span> 
     </span>
     <span class='ocr_line' id='line_1_4' title="bbox 531 755 2445 842; baseline 0 -21"><span class='ocrx_word' id='word_1_19' title='bbox 531 763 655 821; x_wconf 95' lang='grc'>670</span> <span class='ocrx_word' id='word_1_20' title='bbox 698 760 936 825; x_wconf 87' lang='grc' dir='ltr'>νοῦςόν</span> <span class='ocrx_word' id='word_1_21' title='bbox 980 779 1048 824; x_wconf 91' lang='grc' dir='ltr'>τε</span> <span class='ocrx_word' id='word_1_22' title='bbox 1097 759 1438 839; x_wconf 88' lang='grc' dir='ltr'>ςτυγερήν,</span> <span class='ocrx_word' id='word_1_23' title='bbox 1480 755 1590 822; x_wconf 85' lang='grc' dir='ltr'>ἵνα</span> <span class='ocrx_word' id='word_1_24' title='bbox 1632 760 1711 836; x_wconf 87' lang='grc' dir='ltr'>μὴ</span> <span class='ocrx_word' id='word_1_25' title='bbox 1756 758 1954 823; x_wconf 88' lang='grc' dir='ltr'>πάθοι</span> <span class='ocrx_word' id='word_1_26' title='bbox 2000 757 2203 835; x_wconf 85' lang='grc' dir='ltr'>ἄλγεα</span> <span class='ocrx_word' id='word_1_27' title='bbox 2246 763 2445 842; x_wconf 80' lang='grc' dir='ltr'>θυμῷ.</span> 
     </span>
     <span class='ocr_line' id='line_1_5' title="bbox 694 857 2543 940; baseline -0.001 -16"><span class='ocrx_word' id='word_1_28' title='bbox 694 861 811 926; x_wconf 88' lang='grc' dir='ltr'>τὸν</span> <span class='ocrx_word' id='word_1_29' title='bbox 858 861 998 940; x_wconf 81' lang='grc' dir='ltr'>βάλ’</span> <span class='ocrx_word' id='word_1_30' title='bbox 1041 860 1170 925; x_wconf 82' lang='grc' dir='ltr'>ὑπὸ</span> <span class='ocrx_word' id='word_1_31' title='bbox 1215 861 1529 936; x_wconf 83' lang='grc' dir='ltr'>γναθμοῖο</span> <span class='ocrx_word' id='word_1_32' title='bbox 1575 860 1677 923; x_wconf 85' lang='grc' dir='ltr'>καὶ</span> <span class='ocrx_word' id='word_1_33' title='bbox 1722 858 1987 924; x_wconf 87' lang='grc' dir='ltr'>οὔατος·</span> <span class='ocrx_word' id='word_1_34' title='bbox 2034 857 2173 924; x_wconf 82' lang='grc' dir='ltr'>ὦκα</span> <span class='ocrx_word' id='word_1_35' title='bbox 2214 862 2287 924; x_wconf 78' lang='grc' dir='ltr'>δὲ</span> <span class='ocrx_word' id='word_1_36' title='bbox 2329 858 2543 939; x_wconf 87' lang='grc' dir='ltr'>θυμὸς·</span> 
     </span>
     <span class='ocr_line' id='line_1_6' title="bbox 697 958 2651 1048; baseline -0.002 -21"><span class='ocrx_word' id='word_1_37' title='bbox 697 963 883 1048; x_wconf 82' lang='grc' dir='ltr'>ᾤχετ’</span> <span class='ocrx_word' id='word_1_38' title='bbox 927 962 1059 1026; x_wconf 87' lang='grc' dir='ltr'>ἀπὸ</span> <span class='ocrx_word' id='word_1_39' title='bbox 1105 961 1388 1044; x_wconf 83' lang='grc' dir='ltr'>μελέων,</span> <span class='ocrx_word' id='word_1_40' title='bbox 1434 962 1735 1040; x_wconf 91' lang='grc' dir='ltr'>ςτυγερὸς</span> <span class='ocrx_word' id='word_1_41' title='bbox 1779 961 1835 1025; x_wconf 72' lang='grc' dir='ltr'>δ’</span> <span class='ocrx_word' id='word_1_42' title='bbox 1880 958 2006 1040; x_wconf 85' lang='grc' dir='ltr'>ἄρα</span> <span class='ocrx_word' id='word_1_43' title='bbox 2049 981 2153 1042; x_wconf 89' lang='grc' dir='ltr'>μιν</span> <span class='ocrx_word' id='word_1_44' title='bbox 2196 961 2420 1026; x_wconf 89' lang='grc' dir='ltr'>ςκότος</span> <span class='ocrx_word' id='word_1_45' title='bbox 2465 960 2651 1026; x_wconf 80' lang='grc' dir='ltr'>εἶλεν.</span> 
     </span>
     <span class='ocr_line' id='line_1_7' title="bbox 873 1062 2539 1143; baseline -0.001 -15"><span class='ocrx_word' id='word_1_46' title='bbox 873 1065 964 1130; x_wconf 86' lang='grc' dir='ltr'>ὣς</span> <span class='ocrx_word' id='word_1_47' title='bbox 1008 1064 1073 1129; x_wconf 85' lang='grc' dir='ltr'>οἳ</span> <span class='ocrx_word' id='word_1_48' title='bbox 1116 1065 1231 1142; x_wconf 81' lang='grc' dir='ltr'>μὲν</span> <span class='ocrx_word' id='word_1_49' title='bbox 1277 1064 1606 1142; x_wconf 88' lang='grc' dir='ltr'>μάρναντο</span> <span class='ocrx_word' id='word_1_50' title='bbox 1652 1062 1846 1143; x_wconf 89' lang='grc' dir='ltr'>δέμας</span> <span class='ocrx_word' id='word_1_51' title='bbox 1891 1063 2097 1141; x_wconf 89' lang='grc' dir='ltr'>πυρὸς</span> <span class='ocrx_word' id='word_1_52' title='bbox 2141 1062 2539 1141; x_wconf 87' lang='grc' dir='ltr'>αἰθομένοιο·</span> 
     </span>
     <span class='ocr_line' id='line_1_8' title="bbox 698 1163 2408 1248; baseline 0 -19"><span class='ocrx_word' id='word_1_53' title='bbox 698 1166 939 1245; x_wconf 84' lang='grc' dir='ltr'>Ἕκτωρ</span> <span class='ocrx_word' id='word_1_54' title='bbox 984 1165 1041 1229; x_wconf 83' lang='grc' dir='ltr'>δ’</span> <span class='ocrx_word' id='word_1_55' title='bbox 1085 1164 1206 1230; x_wconf 88' lang='grc' dir='ltr'>οὐκ</span> <span class='ocrx_word' id='word_1_56' title='bbox 1250 1165 1569 1230; x_wconf 86' lang='grc' dir='ltr'>ἐπέπυςτο</span> <span class='ocrx_word' id='word_1_57' title='bbox 1614 1163 1921 1246; x_wconf 89' lang='grc' dir='ltr'>διίφιλος,</span> <span class='ocrx_word' id='word_1_58' title='bbox 1967 1164 2122 1229; x_wconf 86' lang='grc' dir='ltr'>οὐδέ</span> <span class='ocrx_word' id='word_1_59' title='bbox 2166 1186 2224 1229; x_wconf 90' lang='grc' dir='ltr'>τι</span> <span class='ocrx_word' id='word_1_60' title='bbox 2255 1165 2408 1248; x_wconf 85' lang='grc' dir='ltr'>ᾔδη,</span> 
     </span>
     <span class='ocr_line' id='line_1_9' title="bbox 532 1264 2144 1347; baseline 0.001 -17"><span class='ocrx_word' id='word_1_61' title='bbox 532 1272 655 1330; x_wconf 84' lang='grc'>675</span> <span class='ocrx_word' id='word_1_62' title='bbox 700 1266 836 1331; x_wconf 84' lang='grc' dir='ltr'>ὅττί</span> <span class='ocrx_word' id='word_1_63' title='bbox 881 1264 962 1344; x_wconf 80' lang='grc' dir='ltr'>ῥά</span> <span class='ocrx_word' id='word_1_64' title='bbox 1008 1265 1071 1330; x_wconf 87' lang='grc' dir='ltr'>οἱ</span> <span class='ocrx_word' id='word_1_65' title='bbox 1115 1269 1294 1347; x_wconf 90' lang='grc' dir='ltr'>νηῶν</span> <span class='ocrx_word' id='word_1_66' title='bbox 1339 1267 1440 1331; x_wconf 76' lang='grc' dir='ltr'>ἐπ’</span> <span class='ocrx_word' id='word_1_67' title='bbox 1485 1265 1781 1345; x_wconf 89' lang='grc' dir='ltr'>ἀριςτερὰ</span> <span class='ocrx_word' id='word_1_68' title='bbox 1825 1267 2144 1344; x_wconf 87' lang='grc' dir='ltr'>δηιόωντο</span> 
     </span>
     <span class='ocr_line' id='line_1_10' title="bbox 698 1366 2511 1448; baseline 0 -17"><span class='ocrx_word' id='word_1_69' title='bbox 698 1368 846 1432; x_wconf 88' lang='grc' dir='ltr'>λαοὶ</span> <span class='ocrx_word' id='word_1_70' title='bbox 890 1366 996 1432; x_wconf 82' lang='grc' dir='ltr'>ὑπ’</span> <span class='ocrx_word' id='word_1_71' title='bbox 1043 1367 1376 1445; x_wconf 83' lang='grc' dir='ltr'>Ἀργείων·</span> <span class='ocrx_word' id='word_1_72' title='bbox 1418 1369 1585 1447; x_wconf 89' lang='grc' dir='ltr'>τάχα</span> <span class='ocrx_word' id='word_1_73' title='bbox 1627 1367 1683 1430; x_wconf 78' lang='grc' dir='ltr'>δ’</span> <span class='ocrx_word' id='word_1_74' title='bbox 1729 1368 1810 1448; x_wconf 80' lang='grc' dir='ltr'>ᾅν</span> <span class='ocrx_word' id='word_1_75' title='bbox 1854 1369 1957 1431; x_wconf 90' lang='grc' dir='ltr'>καὶ</span> <span class='ocrx_word' id='word_1_76' title='bbox 1999 1371 2194 1432; x_wconf 81' lang='grc' dir='ltr'>κῦδος</span> <span class='ocrx_word' id='word_1_77' title='bbox 2239 1368 2511 1447; x_wconf 85' lang='grc' dir='ltr'>Ἀχαιῶν</span> 
     </span>
     <span class='ocr_line' id='line_1_11' title="bbox 695 1468 2140 1547; baseline 0.001 -15"><span class='ocrx_word' id='word_1_78' title='bbox 695 1468 958 1534; x_wconf 85' lang='grc' dir='ltr'>ἔπλετο·</span> <span class='ocrx_word' id='word_1_79' title='bbox 1001 1472 1176 1534; x_wconf 90' lang='grc' dir='ltr'>τοῖος</span> <span class='ocrx_word' id='word_1_80' title='bbox 1218 1471 1341 1547; x_wconf 85' lang='grc' dir='ltr'>γὰρ</span> <span class='ocrx_word' id='word_1_81' title='bbox 1385 1470 1699 1547; x_wconf 73' lang='grc' dir='ltr'>γαιήοχος</span> <span class='ocrx_word' id='word_1_82' title='bbox 1743 1469 2140 1545; x_wconf 84' lang='grc' dir='ltr'>ἑννοςίγαιος</span> 
     </span>
     <span class='ocr_line' id='line_1_12' title="bbox 700 1569 2458 1650; baseline 0.001 -16"><span class='ocrx_word' id='word_1_83' title='bbox 700 1570 934 1649; x_wconf 80' lang='grc' dir='ltr'>ὤτρυν’</span> <span class='ocrx_word' id='word_1_84' title='bbox 976 1569 1330 1650; x_wconf 79' lang='grc' dir='ltr'>Ἀργείους,</span> <span class='ocrx_word' id='word_1_85' title='bbox 1376 1572 1542 1648; x_wconf 88' lang='grc' dir='ltr'>πρὸς</span> <span class='ocrx_word' id='word_1_86' title='bbox 1587 1571 1658 1635; x_wconf 78' lang='grc' dir='ltr'>δὲ</span> <span class='ocrx_word' id='word_1_87' title='bbox 1703 1570 1906 1636; x_wconf 88' lang='grc' dir='ltr'>ςθένει</span> <span class='ocrx_word' id='word_1_88' title='bbox 1950 1570 2145 1642; x_wconf 84' lang='grc' dir='ltr'>αὐτὸς</span> <span class='ocrx_word' id='word_1_89' title='bbox 2188 1569 2458 1650; x_wconf 82' lang='grc' dir='ltr'>ἄμυνεν·</span> 
     </span>
     <span class='ocr_line' id='line_1_13' title="bbox 697 1671 2502 1755; baseline -0.001 -19"><span class='ocrx_word' id='word_1_90' title='bbox 697 1672 837 1736; x_wconf 82' lang='grc' dir='ltr'>ἀλλ’</span> <span class='ocrx_word' id='word_1_91' title='bbox 882 1671 1063 1755; x_wconf 87' lang='grc' dir='ltr'>ἔχεν,</span> <span class='ocrx_word' id='word_1_92' title='bbox 1107 1672 1147 1755; x_wconf 78' lang='grc' dir='ltr'>ᾗ</span> <span class='ocrx_word' id='word_1_93' title='bbox 1192 1671 1272 1735; x_wconf 86' lang='grc' dir='ltr'>τὰ</span> <span class='ocrx_word' id='word_1_94' title='bbox 1316 1676 1542 1750; x_wconf 90' lang='grc' dir='ltr'>πρῶτα</span> <span class='ocrx_word' id='word_1_95' title='bbox 1586 1673 1798 1739; x_wconf 85' lang='grc' dir='ltr'>πύλας</span> <span class='ocrx_word' id='word_1_96' title='bbox 1843 1673 1947 1736; x_wconf 80' lang='grc' dir='ltr'>καί</span> <span class='ocrx_word' id='word_1_97' title='bbox 1989 1676 2202 1751; x_wconf 90' lang='grc' dir='ltr'>τεῖχος</span> <span class='ocrx_word' id='word_1_98' title='bbox 2247 1672 2502 1746; x_wconf 84' lang='grc' dir='ltr'>ἐςᾶλτο,</span> 
     </span>
     <span class='ocr_line' id='line_1_14' title="bbox 529 1772 2390 1855; baseline 0.001 -19"><span class='ocrx_word' id='word_1_99' title='bbox 529 1779 653 1838; x_wconf 87' lang='grc'>680</span> <span class='ocrx_word' id='word_1_100' title='bbox 698 1772 1047 1853; x_wconf 80' lang='grc' dir='ltr'>ῥηξάμενος</span> <span class='ocrx_word' id='word_1_101' title='bbox 1092 1774 1382 1838; x_wconf 88' lang='grc' dir='ltr'>Δαναῶν</span> <span class='ocrx_word' id='word_1_102' title='bbox 1423 1776 1696 1838; x_wconf 85' lang='grc' dir='ltr'>πυκινὰς</span> <span class='ocrx_word' id='word_1_103' title='bbox 1742 1773 1949 1852; x_wconf 89' lang='grc' dir='ltr'>ςτίχας</span> <span class='ocrx_word' id='word_1_104' title='bbox 1996 1774 2390 1855; x_wconf 89' lang='grc' dir='ltr'>άςπιςτάων,</span> 
     </span>
     <span class='ocr_line' id='line_1_15' title="bbox 698 1873 2283 1955; baseline -0.001 -14"><span class='ocrx_word' id='word_1_105' title='bbox 698 1874 824 1941; x_wconf 82' lang='grc' dir='ltr'>ἔνθ’</span> <span class='ocrx_word' id='word_1_106' title='bbox 872 1875 1020 1940; x_wconf 86' lang='grc' dir='ltr'>ἔςαν</span> <span class='ocrx_word' id='word_1_107' title='bbox 1063 1873 1336 1939; x_wconf 80' lang='grc' dir='ltr'>Αἴαντός</span> <span class='ocrx_word' id='word_1_108' title='bbox 1377 1896 1445 1939; x_wconf 87' lang='grc' dir='ltr'>τε</span> <span class='ocrx_word' id='word_1_109' title='bbox 1491 1876 1635 1940; x_wconf 85' lang='grc' dir='ltr'>νέες</span> <span class='ocrx_word' id='word_1_110' title='bbox 1678 1876 1780 1939; x_wconf 86' lang='grc' dir='ltr'>καὶ</span> <span class='ocrx_word' id='word_1_111' title='bbox 1823 1875 2283 1955; x_wconf 88' lang='grc' dir='ltr'>Πρωτεςιλάου</span> 
     </span>
     <span class='ocr_line' id='line_1_16' title="bbox 698 1976 2399 2057; baseline -0.002 -16"><span class='ocrx_word' id='word_1_112' title='bbox 698 1977 819 2043; x_wconf 82' lang='grc' dir='ltr'>θῖν’</span> <span class='ocrx_word' id='word_1_113' title='bbox 864 1976 973 2057; x_wconf 82' lang='grc' dir='ltr'>ἔφ’</span> <span class='ocrx_word' id='word_1_114' title='bbox 1016 1976 1173 2042; x_wconf 85' lang='grc' dir='ltr'>ἁλὸς</span> <span class='ocrx_word' id='word_1_115' title='bbox 1218 1980 1450 2055; x_wconf 84' lang='grc' dir='ltr'>πολιῆς</span> <span class='ocrx_word' id='word_1_116' title='bbox 1494 1976 1843 2056; x_wconf 82' lang='grc' dir='ltr'>εἰρυμέναι·</span> <span class='ocrx_word' id='word_1_117' title='bbox 1889 1976 2092 2056; x_wconf 86' lang='grc' dir='ltr'>αὐτὰρ</span> <span class='ocrx_word' id='word_1_118' title='bbox 2137 1978 2399 2055; x_wconf 86' lang='grc' dir='ltr'>ὕπερθε.</span> 
     </span>
     <span class='ocr_line' id='line_1_17' title="bbox 698 2067 2359 2168; baseline -0.001 -25"><span class='ocrx_word' id='word_1_119' title='bbox 698 2083 911 2159; x_wconf 90' lang='grc' dir='ltr'>τεῖχος</span> <span class='ocrx_word' id='word_1_120' title='bbox 955 2067 1265 2157; x_wconf 78' lang='grc' dir='ltr'>ἐδέδμητο</span> <span class='ocrx_word' id='word_1_121' title='bbox 1313 2080 1853 2168; x_wconf 86' lang='grc' dir='ltr'>χθαμαλώτατον,</span> <span class='ocrx_word' id='word_1_122' title='bbox 1900 2077 2055 2143; x_wconf 89' lang='grc' dir='ltr'>ἔνθα</span> <span class='ocrx_word' id='word_1_123' title='bbox 2098 2079 2359 2157; x_wconf 88' lang='grc' dir='ltr'>μάλιςτα</span> 
     </span>
     <span class='ocr_line' id='line_1_18' title="bbox 697 2179 2284 2264; baseline -0.001 -17"><span class='ocrx_word' id='word_1_124' title='bbox 697 2184 992 2262; x_wconf 80' lang='grc' dir='ltr'>ζαχρηεῖς</span> <span class='ocrx_word' id='word_1_125' title='bbox 1033 2179 1336 2256; x_wconf 80' lang='grc' dir='ltr'>γίγνοντο</span> <span class='ocrx_word' id='word_1_126' title='bbox 1381 2179 1548 2264; x_wconf 88' lang='grc' dir='ltr'>μάχῃ</span> <span class='ocrx_word' id='word_1_127' title='bbox 1595 2179 1778 2245; x_wconf 85' lang='grc' dir='ltr'>αὐτοί</span> <span class='ocrx_word' id='word_1_128' title='bbox 1821 2202 1891 2245; x_wconf 91' lang='grc' dir='ltr'>τε</span> <span class='ocrx_word' id='word_1_129' title='bbox 1937 2182 2040 2245; x_wconf 80' lang='grc' dir='ltr'>καί</span> <span class='ocrx_word' id='word_1_130' title='bbox 2078 2179 2284 2245; x_wconf 84' lang='grc' dir='ltr'>ἵπποι.</span> 
     </span>
     <span class='ocr_line' id='line_1_19' title="bbox 530 2281 2367 2364; baseline 0 -19"><span class='ocrx_word' id='word_1_131' title='bbox 530 2286 653 2345; x_wconf 82' lang='grc'>685</span> <span class='ocrx_word' id='word_1_132' title='bbox 868 2282 1024 2347; x_wconf 82' lang='grc' dir='ltr'>ἔνθα</span> <span class='ocrx_word' id='word_1_133' title='bbox 1068 2284 1140 2347; x_wconf 80' lang='grc' dir='ltr'>δὲ</span> <span class='ocrx_word' id='word_1_134' title='bbox 1185 2283 1457 2346; x_wconf 84' lang='grc' dir='ltr'>Βοιωτοὶ</span> <span class='ocrx_word' id='word_1_135' title='bbox 1499 2283 1601 2347; x_wconf 83' lang='grc' dir='ltr'>καὶ</span> <span class='ocrx_word' id='word_1_136' title='bbox 1645 2281 1880 2347; x_wconf 88' lang='grc' dir='ltr'>Ἰάονες</span> <span class='ocrx_word' id='word_1_137' title='bbox 1923 2282 2367 2364; x_wconf 84' lang='grc' dir='ltr'>ἑλκεχίτωνες,</span> 
     </span>
     <span class='ocr_line' id='line_1_20' title="bbox 697 2383 2213 2464; baseline -0.001 -15"><span class='ocrx_word' id='word_1_138' title='bbox 697 2384 931 2464; x_wconf 85' lang='grc' dir='ltr'>Λοκροὶ</span> <span class='ocrx_word' id='word_1_139' title='bbox 973 2385 1076 2448; x_wconf 88' lang='grc' dir='ltr'>καὶ</span> <span class='ocrx_word' id='word_1_140' title='bbox 1119 2383 1301 2447; x_wconf 86' lang='grc' dir='ltr'>Φθῖοι</span> <span class='ocrx_word' id='word_1_141' title='bbox 1344 2383 1445 2447; x_wconf 89' lang='grc' dir='ltr'>καὶ</span> <span class='ocrx_word' id='word_1_142' title='bbox 1489 2383 1935 2463; x_wconf 89' lang='grc' dir='ltr'>φαιδιμόεντες</span> <span class='ocrx_word' id='word_1_143' title='bbox 1977 2385 2213 2449; x_wconf 84' lang='grc' dir='ltr'>Ἐπειοὶ</span> 
     </span>
     <span class='ocr_line' id='line_1_21' title="bbox 700 2485 2341 2571; baseline -0.001 -20"><span class='ocrx_word' id='word_1_144' title='bbox 700 2490 943 2571; x_wconf 89' lang='grc' dir='ltr'>ςπουδῇ</span> <span class='ocrx_word' id='word_1_145' title='bbox 988 2485 1367 2551; x_wconf 82' lang='grc' dir='ltr'>ἑπαῖςςοντα</span> <span class='ocrx_word' id='word_1_146' title='bbox 1409 2489 1584 2551; x_wconf 89' lang='grc' dir='ltr'>νεῶν</span> <span class='ocrx_word' id='word_1_147' title='bbox 1629 2485 1813 2565; x_wconf 85' lang='grc' dir='ltr'>ἔχον,</span> <span class='ocrx_word' id='word_1_148' title='bbox 1861 2485 2016 2552; x_wconf 77' lang='grc' dir='ltr'>οὐδὲ</span> <span class='ocrx_word' id='word_1_149' title='bbox 2061 2486 2341 2552; x_wconf 83' lang='grc' dir='ltr'>δύναντο</span> 
     </span>
     <span class='ocr_line' id='line_1_22' title="bbox 700 2586 2397 2669; baseline 0 -17"><span class='ocrx_word' id='word_1_150' title='bbox 700 2587 853 2653; x_wconf 87' lang='grc' dir='ltr'>ὦςαι</span> <span class='ocrx_word' id='word_1_151' title='bbox 897 2588 1029 2653; x_wconf 90' lang='grc' dir='ltr'>ἀπὸ</span> <span class='ocrx_word' id='word_1_152' title='bbox 1076 2587 1318 2667; x_wconf 88' lang='grc' dir='ltr'>ςφείων</span> <span class='ocrx_word' id='word_1_153' title='bbox 1364 2589 1564 2669; x_wconf 88' lang='grc' dir='ltr'>φλογὶ</span> <span class='ocrx_word' id='word_1_154' title='bbox 1610 2586 1861 2653; x_wconf 84' lang='grc' dir='ltr'>εἴκελον</span> <span class='ocrx_word' id='word_1_155' title='bbox 1907 2589 2177 2666; x_wconf 83' lang='grc' dir='ltr'>Ἕκτορα</span> <span class='ocrx_word' id='word_1_156' title='bbox 2222 2589 2397 2652; x_wconf 92' lang='grc' dir='ltr'>δῖον·</span> 
     </span>
     <span class='ocr_line' id='line_1_23' title="bbox 700 2688 2534 2770; baseline -0.002 -15"><span class='ocrx_word' id='word_1_157' title='bbox 700 2690 765 2755; x_wconf 83' lang='grc' dir='ltr'>οἳ</span> <span class='ocrx_word' id='word_1_158' title='bbox 809 2692 923 2770; x_wconf 70' lang='grc' dir='ltr'>μἐν</span> <span class='ocrx_word' id='word_1_159' title='bbox 968 2690 1322 2768; x_wconf 88' lang='grc' dir='ltr'>Ἀθηναίων</span> <span class='ocrx_word' id='word_1_160' title='bbox 1366 2692 1907 2769; x_wconf 79' lang='grc' dir='ltr'>προλελεγμένοι·</span> <span class='ocrx_word' id='word_1_161' title='bbox 1954 2690 2024 2754; x_wconf 84' lang='grc' dir='ltr'>ἐν</span> <span class='ocrx_word' id='word_1_162' title='bbox 2069 2689 2126 2753; x_wconf 83' lang='grc' dir='ltr'>δ’</span> <span class='ocrx_word' id='word_1_163' title='bbox 2171 2688 2297 2768; x_wconf 86' lang='grc' dir='ltr'>ἄρα</span> <span class='ocrx_word' id='word_1_164' title='bbox 2338 2689 2534 2765; x_wconf 88' lang='grc' dir='ltr'>τοῖςιν</span> 
     </span>
     <span class='ocr_line' id='line_1_24' title="bbox 534 2789 2427 2874; baseline 0 -19"><span class='ocrx_word' id='word_1_165' title='bbox 534 2798 658 2856; x_wconf 89' lang='grc'>690</span> <span class='ocrx_word' id='word_1_166' title='bbox 701 2792 844 2872; x_wconf 80' lang='grc' dir='ltr'>ἦρχ’</span> <span class='ocrx_word' id='word_1_167' title='bbox 887 2791 1024 2857; x_wconf 85' lang='grc' dir='ltr'>υίὸς</span> <span class='ocrx_word' id='word_1_168' title='bbox 1068 2793 1335 2857; x_wconf 89' lang='grc' dir='ltr'>Πετεῶο</span> <span class='ocrx_word' id='word_1_169' title='bbox 1383 2793 1777 2874; x_wconf 85' lang='grc' dir='ltr'>Μενεςθεύς,</span> <span class='ocrx_word' id='word_1_170' title='bbox 1825 2791 1890 2855; x_wconf 86' lang='grc' dir='ltr'>οἳ</span> <span class='ocrx_word' id='word_1_171' title='bbox 1937 2791 1994 2856; x_wconf 81' lang='grc' dir='ltr'>δ’</span> <span class='ocrx_word' id='word_1_172' title='bbox 2038 2790 2140 2870; x_wconf 80' lang='grc' dir='ltr'>ἅμ’</span> <span class='ocrx_word' id='word_1_173' title='bbox 2186 2789 2427 2856; x_wconf 86' lang='grc' dir='ltr'>ἕποντο</span> 
     </span>
     <span class='ocr_line' id='line_1_25' title="bbox 704 2891 2487 2973; baseline -0.001 -15"><span class='ocrx_word' id='word_1_174' title='bbox 704 2893 935 2959; x_wconf 90' lang='grc' dir='ltr'>Φείδας</span> <span class='ocrx_word' id='word_1_175' title='bbox 979 2914 1048 2958; x_wconf 88' lang='grc' dir='ltr'>τε</span> <span class='ocrx_word' id='word_1_176' title='bbox 1095 2892 1342 2973; x_wconf 82' lang='grc' dir='ltr'>(τιχίος</span> <span class='ocrx_word' id='word_1_177' title='bbox 1386 2915 1455 2959; x_wconf 87' lang='grc' dir='ltr'>τε</span> <span class='ocrx_word' id='word_1_178' title='bbox 1502 2894 1651 2959; x_wconf 89' lang='grc' dir='ltr'>Βίας</span> <span class='ocrx_word' id='word_1_179' title='bbox 1694 2893 1748 2957; x_wconf 86' lang='grc' dir='ltr'>τ’</span> <span class='ocrx_word' id='word_1_180' title='bbox 1795 2892 1928 2957; x_wconf 85' lang='grc' dir='ltr'>ἐύς·</span> <span class='ocrx_word' id='word_1_181' title='bbox 1975 2891 2175 2972; x_wconf 87' lang='grc' dir='ltr'>αὐτὰρ</span> <span class='ocrx_word' id='word_1_182' title='bbox 2222 2892 2487 2956; x_wconf 85' lang='grc' dir='ltr'>Ἐπειῶν</span> 
     </span>
     <span class='ocr_line' id='line_1_26' title="bbox 698 2992 2305 3077; baseline -0.002 -17"><span class='ocrx_word' id='word_1_183' title='bbox 698 2995 1007 3075; x_wconf 89' lang='grc' dir='ltr'>Φυλείδης</span> <span class='ocrx_word' id='word_1_184' title='bbox 1050 3016 1117 3060; x_wconf 91' lang='grc' dir='ltr'>τε</span> <span class='ocrx_word' id='word_1_185' title='bbox 1166 2996 1386 3076; x_wconf 90' lang='grc' dir='ltr'>Μέγης</span> <span class='ocrx_word' id='word_1_186' title='bbox 1431 2994 1715 3076; x_wconf 89' lang='grc' dir='ltr'>Ἀμφίων</span> <span class='ocrx_word' id='word_1_187' title='bbox 1760 3015 1829 3059; x_wconf 88' lang='grc' dir='ltr'>τε</span> <span class='ocrx_word' id='word_1_188' title='bbox 1874 2992 2160 3073; x_wconf 91' lang='grc' dir='ltr'>Δρακίος</span> <span class='ocrx_word' id='word_1_189' title='bbox 2204 3013 2305 3077; x_wconf 90' lang='grc' dir='ltr'>τε,</span> 
     </span>
     <span class='ocr_line' id='line_1_27' title="bbox 643 3142 2819 3213; baseline -0.001 -14"><span class='ocrx_word' id='word_1_190' title='bbox 643 3146 740 3200; x_wconf 40' lang='grc' dir='ltr'>κν.</span> <span class='ocrx_word' id='word_1_191' title='bbox 780 3166 830 3199; x_wconf 80' lang='lat'>1..</span> <span class='ocrx_word' id='word_1_192' title='bbox 891 3150 990 3199; x_wconf 86' lang='grc'>668</span> <span class='ocrx_word' id='word_1_193' title='bbox 1027 3148 1095 3213; x_wconf 80' lang='grc' dir='ltr'>ἠὲ</span> <span class='ocrx_word' id='word_1_194' title='bbox 1133 3148 1253 3211; x_wconf 79' lang='grc' dir='ltr'>μετ’</span> <span class='ocrx_word' id='word_1_195' title='bbox 1286 3145 1353 3200; x_wconf 87' lang='lat' dir='ltr'>D.</span> <span class='ocrx_word' id='word_1_196' title='bbox 1389 3147 1502 3201; x_wconf 80' lang='grc' dir='ltr'>ὑπο</span> <span class='ocrx_word' id='word_1_197' title='bbox 1539 3145 1605 3199; x_wconf 89' lang='grc' dir='ltr'>Η.</span> <span class='ocrx_word' id='word_1_198' title='bbox 1641 3149 1874 3213; x_wconf 83' lang='grc' dir='ltr'>τρῲεςςι</span> <span class='ocrx_word' id='word_1_199' title='bbox 1899 3144 1956 3198; x_wconf 88' lang='lat' dir='ltr'>L.</span> <span class='ocrx_word' id='word_1_200' title='bbox 1992 3175 2057 3184; x_wconf 90' lang='lat'>-—</span> <span class='ocrx_word' id='word_1_201' title='bbox 2104 3149 2204 3198; x_wconf 89' lang='grc'>669</span> <span class='ocrx_word' id='word_1_202' title='bbox 2249 3148 2333 3196; x_wconf 88' lang='grc' dir='ltr'>τῶ</span> <span class='ocrx_word' id='word_1_203' title='bbox 2380 3142 2625 3198; x_wconf 86' lang='lat' dir='ltr'><strong>ACGHL</strong></span> <span class='ocrx_word' id='word_1_204' title='bbox 2670 3142 2819 3211; x_wconf 65' lang='lat' dir='ltr'>Syn:</span> 
     </span>
    </p>
   </div>
   <div class='ocr_carea' id='block_1_3' title="bbox 530 3210 2865 3347">
    <p class='ocr_par' dir='ltr' id='par_1_3' title="bbox 530 3210 2865 3347">
     <span class='ocr_line' id='line_1_28' title="bbox 532 3210 2865 3285; baseline -0.001 -16"><span class='ocrx_word' id='word_1_205' title='bbox 532 3222 616 3285; x_wconf 81' lang='grc' dir='ltr'>τῷ</span> <span class='ocrx_word' id='word_1_206' title='bbox 652 3214 768 3268; x_wconf 83' lang='lat' dir='ltr'>DE.</span> <span class='ocrx_word' id='word_1_207' title='bbox 807 3218 987 3282; x_wconf 90' lang='grc' dir='ltr'>θωιὴν</span> <span class='ocrx_word' id='word_1_208' title='bbox 1023 3212 1134 3268; x_wconf 83' lang='lat' dir='ltr'>Ac,</span> <span class='ocrx_word' id='word_1_209' title='bbox 1178 3246 1236 3253; x_wconf 88' lang='lat'>—</span> <span class='ocrx_word' id='word_1_210' title='bbox 1275 3220 1376 3268; x_wconf 93' lang='grc'>670</span> <span class='ocrx_word' id='word_1_211' title='bbox 1411 3219 1617 3268; x_wconf 81' lang='grc' dir='ltr'>νοθςον</span> <span class='ocrx_word' id='word_1_212' title='bbox 1652 3216 1715 3267; x_wconf 84' lang='grc' dir='ltr'>τὲ</span> <span class='ocrx_word' id='word_1_213' title='bbox 1752 3213 1809 3269; x_wconf 83' lang='lat' dir='ltr'>C.</span> <span class='ocrx_word' id='word_1_214' title='bbox 1849 3214 2044 3269; x_wconf 65' lang='grc' dir='ltr'>πάθοις</span> <span class='ocrx_word' id='word_1_215' title='bbox 2092 3215 2244 3280; x_wconf 84' lang='grc' dir='ltr'>πάθῃ</span> <span class='ocrx_word' id='word_1_216' title='bbox 2282 3210 2327 3264; x_wconf 91' lang='grc' dir='ltr'><strong>Ε</strong></span> <span class='ocrx_word' id='word_1_217' title='bbox 2362 3212 2449 3265; x_wconf 74' lang='grc' dir='ltr'>δίε</span> <span class='ocrx_word' id='word_1_218' title='bbox 2481 3212 2629 3281; x_wconf 73' lang='lat' dir='ltr'><strong>Lipu.</strong></span> <span class='ocrx_word' id='word_1_219' title='bbox 2666 3213 2820 3279; x_wconf 86' lang='grc' dir='ltr'>πάθη</span> <span class='ocrx_word' id='word_1_220' title='bbox 2856 3228 2865 3235; x_wconf 94' lang='grc'>·</span> 
     </span>
     <span class='ocr_line' id='line_1_29' title="bbox 530 3278 2820 3347; baseline -0.001 -11"><span class='ocrx_word' id='word_1_221' title='bbox 530 3283 586 3341; x_wconf 82' lang='lat' dir='ltr'>S.</span> <span class='ocrx_word' id='word_1_222' title='bbox 625 3315 685 3322; x_wconf 90' lang='lat'>——</span> <span class='ocrx_word' id='word_1_223' title='bbox 723 3289 818 3338; x_wconf 83' lang='grc'>671</span> <span class='ocrx_word' id='word_1_224' title='bbox 859 3284 972 3336; x_wconf 86' lang='grc' dir='ltr'>ὑπο</span> <span class='ocrx_word' id='word_1_225' title='bbox 1009 3282 1077 3340; x_wconf 83' lang='grc' dir='ltr'>Α.</span> <span class='ocrx_word' id='word_1_226' title='bbox 1115 3312 1182 3321; x_wconf 88' lang='lat'>——</span> <span class='ocrx_word' id='word_1_227' title='bbox 1217 3287 1316 3336; x_wconf 77' lang='grc'>672</span> <span class='ocrx_word' id='word_1_228' title='bbox 1353 3283 1466 3336; x_wconf 84' lang='grc' dir='ltr'>ἀπο</span> <span class='ocrx_word' id='word_1_229' title='bbox 1503 3283 1571 3338; x_wconf 92' lang='grc' dir='ltr'>Α.</span> <span class='ocrx_word' id='word_1_230' title='bbox 1609 3283 1745 3336; x_wconf 80' lang='grc' dir='ltr'>ἀπαί</span> <span class='ocrx_word' id='word_1_231' title='bbox 1783 3281 1842 3335; x_wconf 90' lang='lat' dir='ltr'>L.</span> <span class='ocrx_word' id='word_1_232' title='bbox 1878 3281 2148 3347; x_wconf 87' lang='grc' dir='ltr'>ςτυγερὸν</span> <span class='ocrx_word' id='word_1_233' title='bbox 2183 3278 2236 3336; x_wconf 80' lang='lat' dir='ltr'>S.</span> <span class='ocrx_word' id='word_1_234' title='bbox 2276 3280 2383 3347; x_wconf 82' lang='grc' dir='ltr'>ἄρά</span> <span class='ocrx_word' id='word_1_235' title='bbox 2410 3278 2475 3332; x_wconf 85' lang='lat' dir='ltr'>G.</span> <span class='ocrx_word' id='word_1_236' title='bbox 2515 3316 2577 3323; x_wconf 92' lang='lat'><strong>—</strong></span> <span class='ocrx_word' id='word_1_237' title='bbox 2615 3285 2714 3334; x_wconf 83' lang='grc'>673</span> <span class='ocrx_word' id='word_1_238' title='bbox 2740 3283 2820 3334; x_wconf 83' lang='grc' dir='ltr'>ὡς</span> 
     </span>
    </p>
   </div>
   <div class='ocr_carea' id='block_1_4' title="bbox 532 3364 2820 3452">
    <p class='ocr_par' dir='ltr' id='par_1_4' title="bbox 532 3364 2820 3452">
     <span class='ocr_line' id='line_1_30' title="bbox 532 3364 2820 3452; baseline -0.001 -12"><span class='ocrx_word' id='word_1_239' title='bbox 532 3388 601 3440; x_wconf 82' lang='lat' dir='ltr'>A.</span> <span class='ocrx_word' id='word_1_240' title='bbox 638 3385 694 3440; x_wconf 70' lang='grc' dir='ltr'>οἳ</span> <span class='ocrx_word' id='word_1_241' title='bbox 730 3387 832 3452; x_wconf 73' lang='grc' dir='ltr'>μὲν</span> <span class='ocrx_word' id='word_1_242' title='bbox 869 3384 928 3439; x_wconf 87' lang='grc' dir='ltr'>ο.</span> <span class='ocrx_word' id='word_1_243' title='bbox 963 3415 1029 3424; x_wconf 89' lang='grc'><strong>-</strong></span> <span class='ocrx_word' id='word_1_244' title='bbox 1064 3390 1167 3440; x_wconf 64' lang='grc' dir='ltr'>δτι</span> <span class='ocrx_word' id='word_1_245' title='bbox 1201 3386 1278 3439; x_wconf 74' lang='grc' dir='ltr'>διῑ</span> <span class='ocrx_word' id='word_1_246' title='bbox 1312 3387 1478 3451; x_wconf 68' lang='grc' dir='ltr'>φιλο(</span> <span class='ocrx_word' id='word_1_247' title='bbox 1503 3384 1768 3439; x_wconf 80' lang='lat' dir='ltr'>ACDHL.</span> <span class='ocrx_word' id='word_1_248' title='bbox 1806 3364 2118 3441; x_wconf 77' lang='grc' dir='ltr'>ΔιὶφιΛος</span> <span class='ocrx_word' id='word_1_249' title='bbox 2145 3382 2263 3451; x_wconf 78' lang='lat' dir='ltr'>Syr.</span> <span class='ocrx_word' id='word_1_250' title='bbox 2303 3386 2372 3451; x_wconf 75' lang='grc' dir='ltr'>δὴ</span> <span class='ocrx_word' id='word_1_251' title='bbox 2408 3384 2573 3451; x_wconf 65' lang='grc' dir='ltr'>φιλο(</span> <span class='ocrx_word' id='word_1_252' title='bbox 2610 3382 2676 3441; x_wconf 79' lang='grc' dir='ltr'>ο.</span> <span class='ocrx_word' id='word_1_253' title='bbox 2712 3384 2820 3452; x_wconf 69' lang='grc' dir='ltr'>ᾔδη</span> 
     </span>
    </p>
   </div>
   <div class='ocr_carea' id='block_1_5' title="bbox 532 3468 2821 3761">
    <p class='ocr_par' dir='ltr' id='par_1_5' title="bbox 532 3468 2821 3761">
     <span class='ocr_line' id='line_1_31' title="bbox 533 3468 2821 3558; baseline -0.001 -14"><span class='ocrx_word' id='word_1_254' title='bbox 533 3488 708 3547; x_wconf 86' lang='lat' dir='ltr'>ADH.</span> <span class='ocrx_word' id='word_1_255' title='bbox 747 3468 894 3544; x_wconf 62' lang='grc' dir='ltr'>ιίΔΗ</span> <span class='ocrx_word' id='word_1_256' title='bbox 919 3487 1039 3556; x_wconf 82' lang='lat' dir='ltr'>Syr.</span> <span class='ocrx_word' id='word_1_257' title='bbox 1064 3491 1133 3558; x_wconf 69' lang='grc' dir='ltr'>ῇδ</span> <span class='ocrx_word' id='word_1_258' title='bbox 1191 3488 1251 3542; x_wconf 80' lang='lat' dir='ltr'>L.</span> <span class='ocrx_word' id='word_1_259' title='bbox 1277 3492 1396 3557; x_wconf 65' lang='grc' dir='ltr'>ᾔδει</span> <span class='ocrx_word' id='word_1_260' title='bbox 1416 3488 1510 3543; x_wconf 62' lang='lat' dir='ltr'>cc}</span> <span class='ocrx_word' id='word_1_261' title='bbox 1529 3488 1690 3543; x_wconf 74' lang='lat' dir='ltr'>cant.</span> <span class='ocrx_word' id='word_1_262' title='bbox 1712 3487 1865 3544; x_wconf 55' lang='grc' dir='ltr'>ναι.</span> <span class='ocrx_word' id='word_1_263' title='bbox 1887 3488 1938 3546; x_wconf 86' lang='lat' dir='ltr'>b.</span> <span class='ocrx_word' id='word_1_264' title='bbox 1968 3496 2006 3541; x_wconf 89' lang='grc' dir='ltr'>ι.</span> <span class='ocrx_word' id='word_1_265' title='bbox 2025 3504 2172 3545; x_wconf 72' lang='lat' dir='ltr'>man.</span> <span class='ocrx_word' id='word_1_266' title='bbox 2196 3488 2264 3541; x_wconf 89' lang='lat' dir='ltr'>A.</span> <span class='ocrx_word' id='word_1_267' title='bbox 2284 3517 2349 3526; x_wconf 86' lang='lat'><em>-</em></span> <span class='ocrx_word' id='word_1_268' title='bbox 2369 3492 2470 3540; x_wconf 70' lang='grc' dir='ltr'>διδ</span> <span class='ocrx_word' id='word_1_269' title='bbox 2488 3488 2596 3542; x_wconf 65' lang='grc' dir='ltr'>ἐπα</span> <span class='ocrx_word' id='word_1_270' title='bbox 2633 3486 2821 3553; x_wconf 58' lang='lat' dir='ltr'>strepa</span> 
     </span>
     <span class='ocr_line' id='line_1_32' title="bbox 533 3503 2820 3635; baseline -0.002 -24"><span class='ocrx_word' id='word_1_271' title='bbox 533 3560 599 3611; x_wconf 88' lang='lat' dir='ltr'>A.</span> <span class='ocrx_word' id='word_1_272' title='bbox 636 3586 701 3596; x_wconf 90' lang='lat'>—-</span> <span class='ocrx_word' id='word_1_273' title='bbox 737 3563 837 3611; x_wconf 90' lang='grc'>678</span> <span class='ocrx_word' id='word_1_274' title='bbox 871 3557 1118 3613; x_wconf 77' lang='grc' dir='ltr'>ΠΡΟΕΘ</span> <span class='ocrx_word' id='word_1_275' title='bbox 1165 3558 1269 3612; x_wconf 89' lang='grc' dir='ltr'>ΝΕΙ</span> <span class='ocrx_word' id='word_1_276' title='bbox 1308 3556 1430 3625; x_wconf 80' lang='lat' dir='ltr'>Syr.</span> <span class='ocrx_word' id='word_1_277' title='bbox 1467 3586 1532 3597; x_wconf 94' lang='lat'>—</span> <span class='ocrx_word' id='word_1_278' title='bbox 1584 3562 1683 3635; x_wconf 81' lang='grc'>679</span> <span class='ocrx_word' id='word_1_279' title='bbox 1719 3561 1993 3625; x_wconf 84' lang='grc' dir='ltr'>ταπρῶτα</span> <span class='ocrx_word' id='word_1_280' title='bbox 2031 3555 2071 3609; x_wconf 90' lang='lat' dir='ltr'>C</span> <span class='ocrx_word' id='word_1_281' title='bbox 2107 3556 2238 3625; x_wconf 74' lang='lat' dir='ltr'><strong>post</strong></span> <span class='ocrx_word' id='word_1_282' title='bbox 2269 3571 2376 3613; x_wconf 73' lang='lat' dir='ltr'>ras,</span> <span class='ocrx_word' id='word_1_283' title='bbox 2413 3552 2475 3613; x_wconf 88' lang='lat' dir='ltr'>L.</span> <span class='ocrx_word' id='word_1_284' title='bbox 2519 3503 2718 3609; x_wconf 63' lang='lat' dir='ltr'>ectssao</span> <span class='ocrx_word' id='word_1_285' title='bbox 2755 3553 2820 3608; x_wconf 87' lang='lat' dir='ltr'>G.</span> 
     </span>
     <span class='ocr_line' id='line_1_33' title="bbox 532 3620 2820 3743; baseline -0.001 -63"><span class='ocrx_word' id='word_1_286' title='bbox 532 3628 747 3680; x_wconf 76' lang='grc' dir='ltr'>ἐπᾶλτο</span> <span class='ocrx_word' id='word_1_287' title='bbox 771 3624 927 3680; x_wconf 78' lang='lat' dir='ltr'>Vrat.</span> <span class='ocrx_word' id='word_1_288' title='bbox 963 3624 1016 3683; x_wconf 91' lang='lat' dir='ltr'>b.</span> <span class='ocrx_word' id='word_1_289' title='bbox 1054 3654 1119 3665; x_wconf 92' lang='lat'>—</span> <span class='ocrx_word' id='word_1_290' title='bbox 1156 3630 1258 3678; x_wconf 87' lang='grc'>680</span> <span class='ocrx_word' id='word_1_291' title='bbox 1292 3626 1509 3680; x_wconf 84' lang='grc' dir='ltr'>πυκνάς</span> <span class='ocrx_word' id='word_1_292' title='bbox 1534 3622 1867 3693; x_wconf 76' lang='lat' dir='ltr'>L1ps.V1-at.</span> <span class='ocrx_word' id='word_1_293' title='bbox 1896 3626 1960 3677; x_wconf 82' lang='lat' dir='ltr'>A.</span> <span class='ocrx_word' id='word_1_294' title='bbox 1999 3653 2057 3663; x_wconf 90' lang='lat'>—</span> <span class='ocrx_word' id='word_1_295' title='bbox 2096 3628 2193 3678; x_wconf 89' lang='grc'>681</span> <span class='ocrx_word' id='word_1_296' title='bbox 2231 3624 2627 3743; x_wconf 47' lang='grc' dir='ltr'>αῐαπος.νῧες</span> <span class='ocrx_word' id='word_1_297' title='bbox 2663 3620 2820 3679; x_wconf 75' lang='lat' dir='ltr'>Vrat.</span> 
     </span>
     <span class='ocr_line' id='line_1_34' title="bbox 533 3690 2818 3761; baseline -0.001 -13"><span class='ocrx_word' id='word_1_298' title='bbox 533 3694 586 3748; x_wconf 86' lang='lat' dir='ltr'>d.</span> <span class='ocrx_word' id='word_1_299' title='bbox 621 3695 1010 3761; x_wconf 88' lang='grc' dir='ltr'>πρωτεςιλάου</span> <span class='ocrx_word' id='word_1_300' title='bbox 1046 3693 1111 3747; x_wconf 89' lang='lat' dir='ltr'>A.</span> <span class='ocrx_word' id='word_1_301' title='bbox 1140 3723 1200 3732; x_wconf 90' lang='lat'><em>—</em></span> <span class='ocrx_word' id='word_1_302' title='bbox 1227 3697 1326 3747; x_wconf 76' lang='lat'>682</span> <span class='ocrx_word' id='word_1_303' title='bbox 1361 3695 1572 3760; x_wconf 86' lang='grc' dir='ltr'>ὕπερθε</span> <span class='ocrx_word' id='word_1_304' title='bbox 1608 3691 1803 3747; x_wconf 86' lang='lat' dir='ltr'>ACDG</span> <span class='ocrx_word' id='word_1_305' title='bbox 1840 3691 1964 3760; x_wconf 82' lang='lat' dir='ltr'>Syr.</span> <span class='ocrx_word' id='word_1_306' title='bbox 2004 3723 2069 3732; x_wconf 89' lang='lat'>-</span> <span class='ocrx_word' id='word_1_307' title='bbox 2104 3696 2204 3746; x_wconf 84' lang='grc'>683</span> <span class='ocrx_word' id='word_1_308' title='bbox 2240 3693 2483 3759; x_wconf 87' lang='grc' dir='ltr'>δέδμητο</span> <span class='ocrx_word' id='word_1_309' title='bbox 2568 3690 2728 3748; x_wconf 79' lang='lat' dir='ltr'>ownl.</span> <span class='ocrx_word' id='word_1_310' title='bbox 2756 3725 2818 3734; x_wconf 89' lang='lat'>—</span> 
     </span>
    </p>
   </div>
   <div class='ocr_carea' id='block_1_6' title="bbox 532 3765 2822 3934">
    <p class='ocr_par' dir='ltr' id='par_1_6' title="bbox 532 3765 2822 3934">
     <span class='ocr_line' id='line_1_35' title="bbox 532 3765 2822 3864; baseline -0.002 -13"><span class='ocrx_word' id='word_1_311' title='bbox 532 3801 635 3851; x_wconf 78' lang='lat'>684</span> <span class='ocrx_word' id='word_1_312' title='bbox 667 3765 926 3864; x_wconf 64' lang='grc' dir='ltr'>ζαγρῆἷῑς</span> <span class='ocrx_word' id='word_1_313' title='bbox 952 3793 1017 3853; x_wconf 81' lang='lat' dir='ltr'>G.</span> <span class='ocrx_word' id='word_1_314' title='bbox 1052 3794 1317 3860; x_wconf 84' lang='grc' dir='ltr'>γίγνοντο</span> <span class='ocrx_word' id='word_1_315' title='bbox 1351 3793 1425 3847; x_wconf 88' lang='lat' dir='ltr'>L:</span> <span class='ocrx_word' id='word_1_316' title='bbox 1462 3794 1692 3858; x_wconf 82' lang='grc' dir='ltr'>γίνοντο</span> <span class='ocrx_word' id='word_1_317' title='bbox 1728 3791 1984 3848; x_wconf 82' lang='lat' dir='ltr'><strong>ACDGH</strong></span> <span class='ocrx_word' id='word_1_318' title='bbox 2021 3793 2140 3860; x_wconf 79' lang='lat' dir='ltr'>Syr.</span> <span class='ocrx_word' id='word_1_319' title='bbox 2178 3793 2439 3857; x_wconf 83' lang='grc' dir='ltr'>ἐγίνοντο</span> <span class='ocrx_word' id='word_1_320' title='bbox 2474 3791 2536 3844; x_wconf 87' lang='grc' dir='ltr'>Ε.</span> <span class='ocrx_word' id='word_1_321' title='bbox 2575 3792 2822 3846; x_wconf 76' lang='grc' dir='ltr'>ΜΑΧΗ(</span> 
     </span>
     <span class='ocr_line' id='line_1_36' title="bbox 534 3858 2822 3934; baseline -0.002 -17"><span class='ocrx_word' id='word_1_322' title='bbox 534 3865 654 3934; x_wconf 81' lang='lat' dir='ltr'>Syr.</span> <span class='ocrx_word' id='word_1_323' title='bbox 694 3867 858 3932; x_wconf 87' lang='grc' dir='ltr'>μάχαι</span> <span class='ocrx_word' id='word_1_324' title='bbox 895 3862 951 3916; x_wconf 78' lang='grc' dir='ltr'>Β.</span> <span class='ocrx_word' id='word_1_325' title='bbox 987 3892 1055 3903; x_wconf 92' lang='lat'>—-</span> <span class='ocrx_word' id='word_1_326' title='bbox 1098 3867 1199 3916; x_wconf 80' lang='grc'>685</span> <span class='ocrx_word' id='word_1_327' title='bbox 1236 3862 1605 3927; x_wconf 83' lang='grc' dir='ltr'>ἑλκεχίτωνες</span> <span class='ocrx_word' id='word_1_328' title='bbox 1641 3863 1705 3920; x_wconf 82' lang='grc' dir='ltr'>Α.</span> <span class='ocrx_word' id='word_1_329' title='bbox 1754 3890 1821 3901; x_wconf 89' lang='lat'>--</span> <span class='ocrx_word' id='word_1_330' title='bbox 1864 3866 1964 3916; x_wconf 86' lang='grc'>686</span> <span class='ocrx_word' id='word_1_331' title='bbox 2000 3861 2158 3928; x_wconf 88' lang='grc' dir='ltr'>φθίοι</span> <span class='ocrx_word' id='word_1_332' title='bbox 2192 3858 2365 3913; x_wconf 84' lang='lat' dir='ltr'>ADG.</span> <span class='ocrx_word' id='word_1_333' title='bbox 2404 3859 2621 3914; x_wconf 78' lang='grc' dir='ltr'>Αίπειοὶ</span> <span class='ocrx_word' id='word_1_334' title='bbox 2657 3858 2719 3913; x_wconf 86' lang='grc' dir='ltr'>Ε.</span> <span class='ocrx_word' id='word_1_335' title='bbox 2755 3889 2822 3899; x_wconf 89' lang='grc'><strong>-</strong></span> 
     </span>
    </p>
   </div>
   <div class='ocr_carea' id='block_1_7' title="bbox 533 3933 2824 4239">
    <p class='ocr_par' dir='ltr' id='par_1_7' title="bbox 533 3933 2824 4239">
     <span class='ocr_line' id='line_1_37' title="bbox 533 3933 2823 4033; baseline -0.003 -10"><span class='ocrx_word' id='word_1_336' title='bbox 533 3974 631 4023; x_wconf 75' lang='lat'>68⁷</span> <span class='ocrx_word' id='word_1_337' title='bbox 669 3967 802 4022; x_wconf 71' lang='grc' dir='ltr'>οὐδὲ</span> <span class='ocrx_word' id='word_1_338' title='bbox 836 3961 1082 4021; x_wconf 74' lang='grc' dir='ltr'>δύναντο</span> <span class='ocrx_word' id='word_1_339' title='bbox 1116 3933 1569 4033; x_wconf 68' lang='lat' dir='ltr'>ACEHITS‘Lips.</span> <span class='ocrx_word' id='word_1_340' title='bbox 1611 3963 2150 4019; x_wconf 80' lang='grc' dir='ltr'>ογΔεΔΥΝΑΝτο</span> <span class='ocrx_word' id='word_1_341' title='bbox 2178 3960 2298 4030; x_wconf 76' lang='lat' dir='ltr'>Syr.</span> <span class='ocrx_word' id='word_1_342' title='bbox 2335 3962 2433 4015; x_wconf 81' lang='lat' dir='ltr'>vul</span> <span class='ocrx_word' id='word_1_343' title='bbox 2477 3977 2509 4015; x_wconf 89' lang='lat'>0</span> <span class='ocrx_word' id='word_1_344' title='bbox 2545 3962 2666 4016; x_wconf 72' lang='grc' dir='ltr'>οὐδ’</span> <span class='ocrx_word' id='word_1_345' title='bbox 2702 3962 2823 4015; x_wconf 67' lang='grc' dir='ltr'>ἐδύ-</span> 
     </span>
     <span class='ocr_line' id='line_1_38' title="bbox 537 4027 2823 4091; baseline -0.003 0"><span class='ocrx_word' id='word_1_346' title='bbox 537 4053 730 4091; x_wconf 89' lang='grc' dir='ltr'>ναντο.</span> <span class='ocrx_word' id='word_1_347' title='bbox 780 4064 840 4073; x_wconf 87' lang='grc'><strong>-</strong></span> <span class='ocrx_word' id='word_1_348' title='bbox 888 4038 986 4087; x_wconf 90' lang='grc'>688</span> <span class='ocrx_word' id='word_1_349' title='bbox 1024 4034 1137 4088; x_wconf 88' lang='grc' dir='ltr'>ἀπο</span> <span class='ocrx_word' id='word_1_350' title='bbox 1172 4031 1288 4086; x_wconf 86' lang='lat' dir='ltr'>AD.</span> <span class='ocrx_word' id='word_1_351' title='bbox 1337 4032 1529 4087; x_wconf 79' lang='grc' dir='ltr'>ἴκελον</span> <span class='ocrx_word' id='word_1_352' title='bbox 1565 4029 1628 4088; x_wconf 88' lang='grc' dir='ltr'>Ε.</span> <span class='ocrx_word' id='word_1_353' title='bbox 1670 4031 1865 4086; x_wconf 71' lang='grc' dir='ltr'>ἴκελον</span> <span class='ocrx_word' id='word_1_354' title='bbox 1903 4030 1965 4088; x_wconf 81' lang='lat' dir='ltr'>G.</span> <span class='ocrx_word' id='word_1_355' title='bbox 2005 4060 2071 4071; x_wconf 85' lang='lat'>-—-</span> <span class='ocrx_word' id='word_1_356' title='bbox 2108 4036 2208 4084; x_wconf 86' lang='grc'>690</span> <span class='ocrx_word' id='word_1_357' title='bbox 2243 4029 2302 4084; x_wconf 80' lang='grc' dir='ltr'>οἳ</span> <span class='ocrx_word' id='word_1_358' title='bbox 2333 4031 2384 4084; x_wconf 76' lang='grc' dir='ltr'>δ’</span> <span class='ocrx_word' id='word_1_359' title='bbox 2474 4069 2487 4082; x_wconf 91' lang='grc'><strong>.</strong></span> <span class='ocrx_word' id='word_1_360' title='bbox 2523 4030 2630 4084; x_wconf 75' lang='grc' dir='ltr'>οἵδ’</span> <span class='ocrx_word' id='word_1_361' title='bbox 2663 4027 2823 4083; x_wconf 85' lang='lat' dir='ltr'>cHL.</span> 
     </span>
     <span class='ocr_line' id='line_1_39' title="bbox 533 4097 2824 4167; baseline -0.003 -8"><span class='ocrx_word' id='word_1_362' title='bbox 533 4135 602 4145; x_wconf 89' lang='lat'><em>-</em></span> <span class='ocrx_word' id='word_1_363' title='bbox 635 4111 731 4159; x_wconf 82' lang='lat'>691</span> <span class='ocrx_word' id='word_1_364' title='bbox 772 4119 852 4156; x_wconf 89' lang='grc' dir='ltr'>ςτι</span> <span class='ocrx_word' id='word_1_365' title='bbox 893 4102 974 4156; x_wconf 90' lang='grc' dir='ltr'>ίος</span> <span class='ocrx_word' id='word_1_366' title='bbox 1011 4100 1224 4157; x_wconf 88' lang='lat' dir='ltr'>ACEH.</span> <span class='ocrx_word' id='word_1_367' title='bbox 1282 4106 1485 4167; x_wconf 84' lang='grc' dir='ltr'>ςτιχῖος</span> <span class='ocrx_word' id='word_1_368' title='bbox 1530 4098 1596 4154; x_wconf 89' lang='lat' dir='ltr'>D.</span> <span class='ocrx_word' id='word_1_369' title='bbox 1653 4100 1861 4167; x_wconf 72' lang='grc' dir='ltr'>ςτίχίός</span> <span class='ocrx_word' id='word_1_370' title='bbox 1908 4097 1966 4152; x_wconf 90' lang='lat' dir='ltr'>L.</span> <span class='ocrx_word' id='word_1_371' title='bbox 2021 4098 2206 4165; x_wconf 88' lang='grc' dir='ltr'>ςτίχός</span> <span class='ocrx_word' id='word_1_372' title='bbox 2252 4114 2317 4153; x_wconf 86' lang='grc' dir='ltr'>τε</span> <span class='ocrx_word' id='word_1_373' title='bbox 2354 4098 2403 4151; x_wconf 87' lang='lat' dir='ltr'>G</span> <span class='ocrx_word' id='word_1_374' title='bbox 2438 4097 2583 4167; x_wconf 76' lang='lat' dir='ltr'>(sio).</span> <span class='ocrx_word' id='word_1_375' title='bbox 2620 4127 2684 4137; x_wconf 91' lang='lat'>—-</span> <span class='ocrx_word' id='word_1_376' title='bbox 2723 4102 2824 4151; x_wconf 78' lang='lat'>692</span> 
     </span>
     <span class='ocr_line' id='line_1_40' title="bbox 537 4165 2061 4239; baseline -0.004 -12"><span class='ocrx_word' id='word_1_377' title='bbox 537 4174 710 4239; x_wconf 83' lang='grc' dir='ltr'>μέγ-ης</span> <span class='ocrx_word' id='word_1_378' title='bbox 744 4172 799 4225; x_wconf 83' lang='grc' dir='ltr'>τ’</span> <span class='ocrx_word' id='word_1_379' title='bbox 885 4172 989 4227; x_wconf 76' lang='lat' dir='ltr'>rat.</span> <span class='ocrx_word' id='word_1_380' title='bbox 1025 4171 1093 4229; x_wconf 86' lang='lat' dir='ltr'>A.</span> <span class='ocrx_word' id='word_1_381' title='bbox 1130 4170 1354 4237; x_wconf 87' lang='grc' dir='ltr'>δρακίος</span> <span class='ocrx_word' id='word_1_382' title='bbox 1391 4166 1654 4227; x_wconf 87' lang='lat' dir='ltr'>ACDEH.</span> <span class='ocrx_word' id='word_1_383' title='bbox 1690 4168 1916 4235; x_wconf 82' lang='grc' dir='ltr'>δράκιός</span> <span class='ocrx_word' id='word_1_384' title='bbox 1953 4165 2061 4226; x_wconf 81' lang='lat' dir='ltr'>GL.</span> 
     </span>
    </p>
   </div>
   <div class='ocr_carea' id='block_1_8' title="bbox 539 4262 2825 4425">
    <p class='ocr_par' dir='ltr' id='par_1_8' title="bbox 539 4262 2825 4425">
     <span class='ocr_line' id='line_1_41' title="bbox 669 4262 2825 4369; baseline -0.002 -27"><span class='ocrx_word' id='word_1_385' title='bbox 669 4291 736 4342; x_wconf 90' lang='lat' dir='ltr'>A.</span> <span class='ocrx_word' id='word_1_386' title='bbox 773 4262 850 4348; x_wconf 60' lang='lat' dir='ltr'>o.-</span> <span class='ocrx_word' id='word_1_387' title='bbox 878 4294 977 4342; x_wconf 81' lang='lat'>692</span> <span class='ocrx_word' id='word_1_388' title='bbox 1003 4289 1159 4342; x_wconf 82' lang='grc' dir='ltr'>οὕτω</span> <span class='ocrx_word' id='word_1_389' title='bbox 1198 4289 1368 4369; x_wconf 75' lang='grc' dir='ltr'>μέγης</span> <span class='ocrx_word' id='word_1_390' title='bbox 1393 4290 1502 4365; x_wconf 73' lang='grc' dir='ltr'>ἔξω</span> <span class='ocrx_word' id='word_1_391' title='bbox 1539 4292 1643 4342; x_wconf 81' lang='grc' dir='ltr'>τοῦ</span> <span class='ocrx_word' id='word_1_392' title='bbox 1670 4292 1763 4341; x_wconf 71' lang='grc' dir='ltr'>τῖ’</span> <span class='ocrx_word' id='word_1_393' title='bbox 1799 4287 1867 4341; x_wconf 83' lang='grc' dir='ltr'>οὐ</span> <span class='ocrx_word' id='word_1_394' title='bbox 1929 4288 1998 4355; x_wconf 88' lang='grc' dir='ltr'>άρ</span> <span class='ocrx_word' id='word_1_395' title='bbox 2034 4287 2145 4366; x_wconf 59' lang='lat' dir='ltr'>{cu</span> <span class='ocrx_word' id='word_1_396' title='bbox 2169 4284 2440 4364; x_wconf 64' lang='grc' dir='ltr'>ερυλείδης</span> <span class='ocrx_word' id='word_1_397' title='bbox 2477 4282 2604 4337; x_wconf 88' lang='lat' dir='ltr'>Did</span> <span class='ocrx_word' id='word_1_398' title='bbox 2615 4300 2825 4352; x_wconf 74' lang='lat' dir='ltr'>ymun.</span> 
     </span>
     <span class='ocr_line' id='line_1_42' title="bbox 539 4352 2631 4425; baseline 0.002 -19"><span class='ocrx_word' id='word_1_399' title='bbox 539 4353 884 4411; x_wconf 80' lang='lat' dir='ltr'><strong>Zenodotum</strong></span> <span class='ocrx_word' id='word_1_400' title='bbox 922 4358 1117 4423; x_wconf 88' lang='grc' dir='ltr'>Μέγης</span> <span class='ocrx_word' id='word_1_401' title='bbox 1153 4359 1207 4408; x_wconf 85' lang='grc' dir='ltr'>τ’</span> <span class='ocrx_word' id='word_1_402' title='bbox 1241 4370 1525 4425; x_wconf 77' lang='lat' dir='ltr'>senpslsse</span> <span class='ocrx_word' id='word_1_403' title='bbox 1562 4355 1831 4409; x_wconf 83' lang='lat' dir='ltr'>docemur</span> <span class='ocrx_word' id='word_1_404' title='bbox 1865 4371 1899 4408; x_wconf 80' lang='lat' dir='ltr'><strong>a</strong></span> <span class='ocrx_word' id='word_1_405' title='bbox 1974 4354 2289 4407; x_wconf 73' lang='lat' dir='ltr'><strong>Anstomco</strong></span> <span class='ocrx_word' id='word_1_406' title='bbox 2326 4352 2398 4405; x_wconf 79' lang='lat' dir='ltr'>ad</span> <span class='ocrx_word' id='word_1_407' title='bbox 2436 4354 2475 4407; x_wconf 88' lang='grc' dir='ltr'>Κ</span> <span class='ocrx_word' id='word_1_408' title='bbox 2520 4358 2631 4410; x_wconf 76' lang='grc'>174.</span> 
     </span>
    </p>
   </div>
  </div>
 </body>
</html>
