3144 5006
518 378 636 442 128
1409 379 1742 435 ιΛιΑΔος
1799 380 1880 438 Π.

662 532 737 610 ἠὲ
781 535 885 599 καὶ
930 532 1001 600 έν
1045 532 1344 618 πολέμῳ,
1390 535 1589 613 δηίων
1634 533 1765 598 ὕπο
1808 535 2314 615 θυμοραῖςτέων,

658 633 886 700 τόςςον
931 635 1261 733 ἑχώρηςαγ
1305 636 1553 719 Τρῶες,
1601 637 1856 703 ὤςαντο
1899 637 1954 702 δ’
2002 637 2261 717 Ἀχαιοί.

661 736 937 802 Γλαῦκος
983 739 1055 802 δὲ
1097 742 1386 832 πρῶτος,
1431 738 1684 804 Λυκίων
1729 738 1890 817 ἀγὸς
1936 739 2330 811 ἀςπιςτάων,

660 839 970 924 ἐτράπετ’,
1015 838 1294 904 ἔκτεινεν
1339 841 1411 903 δὲ
1456 842 1792 919 Βαθυκλῆα
1835 841 2238 924 μεγάθυμον,
2407 895 2416 902 .

478 945 614 1004 ’595
665 942 1010 1007 Χάλκωνος
1055 942 1252 1021 φίλον
1299 941 1473 1026 υἱόν,
1519 943 1600 1008 ὃς
1638 942 1889 1008 Ἑλλάδι
1934 942 2110 1009 οἰκία
2150 942 2354 1008 ναίων

664 1040 838 1129 ὄλβῳ
884 1065 953 1109 τε
999 1044 1266 1128 πλούτῳ
1311 1064 1381 1109 τε
1424 1044 1785 1123 μετέπρεπε
1831 1045 2311 1124 Μυρμιδόνεςςι.

663 1146 781 1212 τὸν
826 1147 941 1226 μὲν
988 1144 1115 1224 ἄρα
1160 1147 1439 1212 Γλαῦκος
1483 1150 1714 1226 ςτῆθος
1757 1148 1950 1226 μέςον
1999 1146 2227 1214 οὔταςε
2273 1147 2457 1226 δουρὶ

663 1250 990 1329 ςτρεφθεὶς
1037 1246 1370 1332 ἐξαπίνης,
1416 1247 1526 1314 ὅτε
1571 1270 1676 1329 μιν
1721 1249 2118 1329 κατέμαρπτε
2162 1251 2447 1315 διώκων·

665 1349 985 1428 δούπηςεν
1030 1351 1102 1414 δὲ
1145 1351 1394 1416 πεςών·
1440 1352 1713 1416 πυκινὸν
1761 1351 1817 1414 δ’
1861 1349 2021 1431 ἄχος
2066 1350 2282 1431 ἔλλαβ’
2326 1349 2656 1432 Ἀχαιούς,

503 1457 628 1515 600
674 1451 762 1516 ὡς
807 1451 977 1518 ἔπες’
1020 1452 1243 1519 ἐςθλός
1287 1453 1483 1532 ἀνήρ·
1531 1454 1692 1534 μέγα
1737 1456 1808 1518 δὲ
1852 1454 2070 1533 Τρῶες
2113 1453 2498 1533 κεχάροντο,

670 1556 823 1619 ςτὰν
869 1553 926 1619 δ’
969 1554 1129 1635 ἀμφ’
1173 1554 1376 1622 αὐτὸν
1422 1555 1629 1622 ἰόντες
1674 1556 1970 1621 ἀολλέες·
2018 1554 2157 1620 οὐδ’
2200 1555 2302 1634 ἄρ’
2345 1553 2585 1634 Ἀχαιοὶ

669 1654 864 1735 ἀλκῆς
909 1657 1325 1740 ἐξελάθοντο,
1370 1658 1562 1739 μένος
1608 1657 1665 1722 δ’
1708 1657 1843 1722 ἰθὺς
1887 1657 2098 1738 φέρον
2143 1657 2374 1722 αὐτῶν.

660 1757 792 1822 ἔνθ’
836 1757 918 1823 αὖ
965 1759 1292 1838 Μηριόνης
1334 1759 1580 1839 Τρώων
1626 1759 1773 1825 ἕλεν
1819 1758 2025 1839 ἄνδρα
2068 1760 2414 1838 κορυςτήν,

662 1858 1034 1944 Λαόγονον,
1078 1863 1317 1940 θραςὺν
1362 1859 1505 1927 υἱὸν
1549 1861 1935 1945 Ὀνήτορος,
1982 1861 2058 1925 ὃς
2101 1860 2266 1926 Διὸς
2307 1859 2481 1938 ἱρεὺς

497 1967 618 2025 605
666 1960 892 2027 Ἰδαίου
937 1961 1230 2027 ἐτέτυκτο
1243 2013 1262 2047 ,
1307 1963 1456 2028 θεὸς
1499 1964 1557 2027 δ’
1602 1964 1691 2027 ὣς
1734 1964 1905 2029 τίετο
1952 1953 2165 2046 δήμω·

660 2064 775 2129 τὸν
824 2063 962 2145 βάλ’
1006 2063 1134 2129 ὑπὸ
1179 2068 1494 2145 γναθμοῖο
1540 2066 1642 2129 καὶ
1687 2064 1953 2130 οὔατος·
2001 2064 2138 2129 ὦκα
2179 2066 2251 2129 δε
2294 2064 2497 2144 θυμὸς

667 2166 853 2249 ᾤχετ’
896 2166 1028 2231 ἀπὸ
1073 2168 1355 2251 μελέων,
1401 2167 1706 2246 ςτυγερὸς
1743 2167 1808 2231 δ’
1851 2166 1979 2246 ἄρα
2022 2187 2126 2246 μιν
2171 2166 2395 2231 ςκότος
2439 2163 2627 2229 εἷλεν.

660 2267 907 2333 Αἰνείας
950 2268 1008 2331 δ’
1052 2268 1155 2332 ἐπὶ
1202 2268 1494 2354 Μηριόνῃ
1538 2269 1698 2348 δόρυ
1744 2267 2019 2348 χάλκεον
2064 2268 2248 2347 ἧκεν·

661 2368 895 2434 ἔλπετο
939 2370 1064 2447 γὰρ
1107 2369 1427 2437 τεύξεςθαι
1469 2371 1817 2436 ὑπαςπίδια
1859 2375 2318 2452 προβιβῶντος.

496 2477 622 2536 610
668 2470 806 2537 ἀλλ’
853 2471 892 2536 ὃ
937 2471 1052 2551 μὲν
1096 2469 1259 2538 ἄντα
1303 2471 1459 2539 ἰδὼν
1504 2471 1782 2551 ἠλεύατο
1829 2473 2105 2553 χάλκεον
2149 2471 2376 2553 ἔγχος·

668 2573 924 2654 πρόςςω
968 2574 1092 2653 γὰρ
1137 2574 1486 2658 κατέκυψε,
1531 2575 1608 2639 τὸ
1655 2575 1712 2640 δ’
1755 2574 2048 2642 ἐξόπιθεν
2093 2574 2253 2654 δόρυ
2297 2573 2540 2653 μακρὸν

675 2674 850 2742 οὔδει
898 2676 1293 2758 ἐνιςκίμφθη,
1337 2676 1442 2742 ἐπὶ
1488 2677 1546 2742 δ’
1592 2676 1895 2757 οὐρίαχος
1938 2677 2281 2757 πελεμίχθη

661 2778 919 2858 ἔγχεος·
964 2779 1124 2844 ἔνθα
1167 2780 1223 2842 δ’
1267 2780 1463 2844 ἔπειτ’
1507 2778 1683 2862 ἀφίει
1727 2780 1919 2858 μένος
1963 2777 2227 2860 ὄβριμος
2269 2779 2483 2857 Ἄρης.

664 2870 881 2963 [αἰχμὴ
928 2880 985 2945 δ’
1030 2880 1282 2947 Αἰνείαο
1328 2882 1793 2962 κραδαινομένη
1840 2883 1998 2946 κατὰ
2039 2880 2221 2960 γαίης

496 2990 617 3047 615
665 2982 872 3069 ᾤχετ’,
918 2982 1058 3048 ἐπεί
1103 2983 1160 3062 ῥ’
1206 2983 1391 3049 ἅλιον
1436 2987 1729 3064 ςτιβαρῆς
1775 2982 1905 3047 ἀπὸ
1951 2984 2166 3062 χειρὸς
2209 2980 2528 3064 ὄρουςεν.]

628 3182 697 3237 V.
732 3202 783 3238 τ..
856 3190 953 3239 591
991 3187 1027 3244 ἢ
1062 3183 1125 3238 Ε.
1169 3185 1285 3240 ὑπὸ
1323 3184 1529 3241 CDGL.
1576 3188 1691 3242 ὑπο
1727 3184 1797 3241 Η.
1832 3223 1895 3232 -
1942 3189 2041 3238 592
2079 3184 2364 3252 ἑχώςαντο
2402 3181 2456 3237 S.
2502 3187 2685 3250 τρῷες
2723 3181 2781 3239 L.

494 3282 559 3292 -—
596 3257 699 3305 594
735 3254 950 3307 ἔκτεινε
988 3249 1082 3307 GL
1117 3249 1182 3305 Li
1224 3270 1267 3312 s.
1312 3256 1373 3309 δὲ
1410 3255 1592 3309 omitt.
1634 3253 1688 3308 [a.
1737 3283 1802 3294 —
1851 3259 1951 3309 596
1987 3255 2162 3319 δλβωι
2198 3254 2261 3307 τὲ
2296 3253 2363 3307 A.
2401 3252 2785 3318 μυρμιδόνεςςι

495 3317 814 3374 ACDEGH.
849 3325 1053 3399 —.593
1088 3321 1146 3377 ἐξ
1221 3322 1388 3391 πίνης
1424 3321 1492 3377 G.
1531 3352 1595 3362 -—
1633 3328 1732 3377 599
1769 3322 2038 3377 πυκινὸνε
2089 3338 2175 3388 γρ.
2211 3322 2399 3375 δεινὸν
2438 3318 2586 3440 Lien.
2632 3320 2788 3383 ἔλαβ’

494 3387 598 3440 DH
632 3386 844 3442 Townl.
880 3387 1031 3457 Llps.
1064 3387 1224 3446 Vrat.
1260 3390 1313 3444 d.
1351 3421 1415 3431 —
1463 3396 1562 3445 600
1598 3396 1779 3460 τρῷες
1814 3390 1878 3445 L.
1925 3418 1991 3431 -·
2037 3394 2136 3444 601
2174 3389 2242 3456 ἂρ
2280 3386 2484 3443 ADGH
2534 3429 2546 3440 .
2583 3416 2647 3426 —
2684 3391 2785 3440 603

493 3458 703 3525 τρῲων
741 3452 801 3509 L.
838 3486 902 3495 -
939 3462 1040 3511 604
1075 3457 1256 3525 ἱερεὺς
1291 3458 1355 3512 Li
1397 3475 1439 3512 s.
1475 3458 1639 3517 Rom.
1676 3488 1742 3498 —
1779 3464 1878 3513 605
1917 3458 1995 3512 ὼς
2032 3458 2096 3511 A.
2143 3487 2208 3496 —-
2255 3460 2354 3511 606
2391 3457 2496 3510 τόν
2529 3457 2585 3522 ῥ’
2617 3456 2786 3520 ἔβαλε

495 3526 753 3645 ξ’ῗαέἠν
789 3525 932 3646 ὑὶέξξ
969 3524 1409 3650 ἳῗῖἔὲἓθῗῗὴὸὲ
1433 3529 1638 3651 ἧπέἕὲ·
1652 3556 1741 3647 b-
1755 3532 1874 3648 0⁰37
1899 3522 2322 3649 ἓςῖἳὲιὲπὲὣῑὲ
2355 3522 2786 3658 ’ῖτέἓέῗβὲἪὲξ

495 3661 543 3713 A
592 3658 906 3725 DEGHLS,
946 3661 1093 3716 conf.
1136 3664 1179 3717 Ν
1222 3667 1334 3721 158.
1374 3668 1490 3717 807.
1528 3693 1595 3703 -
1642 3668 1741 3717 610
1776 3662 1809 3716 ὃ
1847 3662 1948 3728 μὲν
1985 3659 2045 3718 G.
2095 3690 2160 3701 —
2207 3665 2304 3713 611
2356 3660 2646 3714 ἐξόπιςθεν
2681 3655 2784 3712 DG

495 3727 642 3797 Lips.
677 3760 742 3770 --
779 3735 879 3783 612
916 3729 999 3783 ἑνὶ
1026 3730 1233 3798 ςκίμφη
1273 3729 1337 3784 G.
1374 3732 1456 3785 ἐνὶ
1492 3731 1715 3798 ςκήφθη
1744 3728 1899 3784 Vrat.
1936 3730 2004 3782 A.
2039 3729 2347 3795 ἑνιςκήφθη
2373 3725 2555 3781 Schol.
2590 3729 2640 3782 Δ
2666 3732 2787 3780 457.

497 3799 589 3853 ἐπι
633 3796 743 3857 CD.
788 3797 1079 3865 δουρίαχος
1115 3798 1176 3852 L.
1222 3828 1289 3838 —-
1333 3805 1433 3855 613
1478 3799 1617 3877 ἀφ’ίη
1662 3797 1803 3851 Mor.
1849 3796 2079 3875 Barocp.
2126 3798 2287 3916 bpffpt
2329 3811 2394 3849 ος
2441 3792 2502 3849 C.
2550 3823 2637 3853 ·—.
2663 3799 2784 3862 614,

495 3871 597 3920 615
632 3865 903 3919 omitssunt
936 3865 1081 3920 ACD
1118 3866 1176 3918 in
1209 3867 1371 3920 textu
1415 3864 1514 3918 ΕΗ
1552 3884 1612 3919 m
1654 3867 1815 3920 textu
1861 3863 1943 3918 LS
1979 3864 2128 3933 Llpe.
2231 3879 2293 3917 ar
2317 3903 2331 3917 .
2365 3860 2580 3917 Townl.
2619 3859 2780 3916 Vrat.

496 3933 551 3988 d.
585 3934 653 3992 A.
687 3933 901 3988 habeut
935 3934 984 3987 D
1022 3936 1082 3989 et
1114 3933 1168 3988 H
1202 3933 1261 3988 in
1297 3950 1473 4004 marg.
1509 3950 1660 3990 man.
1698 3950 1809 3989 rec.
1846 3932 1913 4000 G,
1950 3933 2094 3987 conf.
2136 3932 2177 3986 Ν
2217 3937 2335 3990 504.

633 4140 702 4195 A.
738 4157 784 4193 ο.
858 4144 957 4194 607
1004 4141 1067 4194 ἔν
1111 4155 1252 4193 τιςιν
1299 4139 1540 4206 ἐφέρετο
1591 4139 1735 4205 ,,Μη
1775 4138 1935 4204 ιόνης
1978 4137 2030 4191 δ’
2072 4136 2360 4190 ἀνέπαλτο
2404 4134 2576 4202 φίλον
2621 4134 2684 4188 δέ
2728 4134 2786 4188 οἱ

498 4208 644 4273 ἦτορ
680 4206 848 4275 ἰάνθη
885 4205 1070 4260 Schol.
1105 4205 1176 4264 V.
1214 4236 1275 4246 -
1313 4211 1414 4261 613
1449 4207 1513 4261 ἐν
1551 4212 1624 4275 τῇ
1663 4207 1726 4260 ἑτ
1758 4222 1828 4273 ρᾳ
1852 4209 1973 4259 τῶν
2012 4204 2370 4271 Ἀριςτάρχου
2406 4203 2509 4256 οὐκ
2545 4202 2786 4269 ἐφέρετο

499 4276 782 4350 καθάπαξ·
821 4276 883 4327 ἑν
918 4276 980 4329 δὲ
1014 4280 1084 4343 τῇ
1122 4275 1356 4395 δευτέιὲἓ
1393 4275 1593 4340 όβελος
1630 4273 1773 4336 (cod.
1801 4275 2030 4338 ἄλογος)
2067 4272 2227 4337 αὐτῷ
2265 4271 2566 4338 παρέκειτο
2601 4268 2786 4323 Sehol.

502 4339 570 4393 V.
614 4340 743 4393 wde
783 4339 989 4394 Osann.
1026 4341 1233 4400 Anecd.
1357 4359 1429 4396 m.
1465 4359 1558 4412 pg.
1597 4347 1716 4400 246.
2029 4366 2038 4375 ⁴
