3144 5006
1268 429 1602 485 ιΛιΑΔος
1650 429 1693 481 1.
1844 412 1857 425 '
2545 429 2625 493 19

494 587 751 669 χρυςέῳ
796 583 926 650 ἀνὰ
970 585 1265 669 ςκήπτρῳ
1283 635 1299 663 ,
1343 585 1445 650 καὶ
1491 584 1734 650 λίςςετο
1778 585 2026 651 πάντας
2069 583 2388 663 Ἀχαιούς,

323 693 454 749 3ῖὸ
497 687 790 767 Ἀτρείδα
832 688 906 752 δὲ
950 687 1217 769 μάλιςτα
1259 687 1430 770 δύω,
1473 688 1825 769 κοςμήτορε
1871 691 2066 752 λαῶν.

497 789 640 855 ἔνθ’
684 789 879 854 ἄλλοι
920 791 1036 871 μὲν
1078 789 1317 855 πάντες
1363 789 1817 870 ἐπευφήμηςαν
1860 789 2104 869 Ἀχαιοὶ

501 890 808 956 αἰδεῖςθαί
850 891 924 957 θ’
966 890 1148 971 ἱερῆα
1192 892 1295 957 καὶ
1336 890 1550 968 ἀγλαὰ
1596 892 1814 971 δέχθαι
1856 890 2123 956 ἄποινα·

500 992 657 1058 ἀλλ’
702 993 822 1057 οὐκ
866 992 1149 1076 Ἀτρείδη
1194 993 1616 1074 Ἀγαμέμνονι
1657 992 1897 1071 ἥνδανε
1940 997 2147 1074 θυμῷ,

502 1094 672 1159 ἀλλὰ
715 1097 927 1160 κακῶς
970 1092 1177 1177 ἀφίει,
1220 1096 1532 1177 κρατερὸν
1577 1097 1636 1161 δ’
1679 1094 1785 1159 ἐπὶ
1827 1097 2029 1173 μῦθον
2073 1092 2309 1158 ἔτελλε.

329 1202 462 1259 380
504 1196 842 1278 χωόμενος
885 1198 944 1262 δ’
987 1196 1027 1261 ὁ
1069 1197 1281 1276 γέρων
1323 1198 1517 1264 πάλιν
1563 1198 1804 1280 ᾤχετο·
1848 1200 1990 1261 τοῖο
2034 1196 2092 1260 δ’
2135 1195 2468 1261 Ἀπόλλων

502 1298 855 1378 εὐξαμένου
898 1298 1199 1377 ἤκουςεν,
1244 1300 1383 1364 ἐπεὶ
1428 1299 1600 1379 μάλα
1643 1299 1705 1364 οἱ
1749 1298 1944 1378 φίλος
1987 1296 2132 1380 ἦεν,

502 1400 616 1479 ἦκε
661 1401 719 1466 δ’
760 1400 874 1466 ἐπ’
917 1399 1247 1481 Ἀργείοιςι
1291 1402 1487 1467 κακὸν
1533 1400 1751 1480 βέλος·
1798 1400 1860 1464 οἱ
1903 1401 1976 1465 δέ
2019 1420 2099 1466 νυ
2143 1401 2290 1465 λαοὶ

504 1505 780 1580 θνῆςκον
821 1502 1261 1585 ἐπαςςύτεροι,
1306 1503 1386 1568 τὰ
1430 1503 1487 1567 δ’
1530 1503 1824 1587 ἐπῴχετο
1870 1505 2030 1580 κῆλα
2072 1504 2254 1567 θεοῖο

503 1603 713 1687 πάντῃ
758 1602 887 1671 ἀνὰ
931 1605 1202 1684 ςτρατὸν
1246 1603 1441 1683 εὐρὺν
1487 1604 1776 1684 Ἀχαιῶν.
1864 1603 2014 1696 ἄμμι
2056 1604 2129 1669 δὲ
2172 1603 2392 1683 μάντις

334 1710 462 1768 385
506 1703 579 1770 εὖ
623 1704 810 1771 εἰδὼς
855 1706 1128 1786 ἀγόρευε
1170 1705 1569 1785 θεοπροπίας
1613 1704 1890 1783 ἑκάτοιο.

504 1806 713 1873 αὐτίκ’
757 1807 886 1885 ἐγὼ
930 1813 1189 1888 πρῶτος
1230 1808 1506 1888 κελόμην
1549 1808 1703 1874 θεὸν
1746 1806 2129 1874 ἱλάςκεςθαι·

505 1909 851 1990 Ἀτρείωνα
891 1911 949 1974 δ’
992 1909 1212 1975 ἔπειτα
1255 1909 1452 1988 χόλος
1496 1909 1723 1993 λάβεν,
1768 1908 1937 1989 αἶψα
1978 1909 2036 1973 δ’
2081 1909 2358 1975 ἀναςτὰς

502 2010 839 2091 ἠπείληςεν
882 2011 1089 2093 μύθον
1106 2061 1124 2089 ,
1166 2013 1207 2077 ὃ
1253 2013 1332 2091 δὴ
1375 2012 1824 2093 τετελεςμένος
1867 2011 2011 2077 ἐςτί.

502 2116 620 2193 τὴν
663 2115 780 2194 μὲν
825 2114 948 2193 γὰρ
993 2114 1106 2180 ςύν
1148 2114 1252 2192 νηὶ
1294 2118 1417 2196 θοῇ
1460 2113 1771 2181 ἑλίκωπες
1813 2113 2053 2193 Ἀχαιοὶ

328 2220 462 2279 390
503 2216 573 2280 ἐς
617 2216 867 2296 Χρύςην
910 2216 1299 2296 πέμπουςιν,
1342 2215 1564 2291 ἄγουςι
1608 2216 1681 2280 δὲ
1724 2219 1903 2293 δῶρα
1945 2214 2196 2280 ἄνακτι·

500 2319 622 2396 τὴν
667 2319 739 2383 δὲ
780 2317 939 2383 νέον
983 2317 1295 2397 κλιςίηθεν
1338 2316 1494 2399 ἔβαν
1539 2317 1805 2396 κήρυκες
1849 2315 2119 2393 ἄγοντες

501 2419 745 2499 κούρην
791 2421 1083 2499 Βριςῆος,
1126 2421 1245 2498 τήν
1289 2440 1397 2500 μοι
1441 2417 1640 2484 δόςαν
1685 2416 1818 2483 υἷες
1864 2419 2151 2497 Ἀχαιῶν.

500 2521 674 2588 ἀλλὰ
716 2521 823 2605 ςύ,
867 2522 924 2587 εἰ
966 2521 1232 2589 δύναςαί
1274 2541 1381 2603 γε,
1424 2522 1723 2600 περίςχεο
1769 2521 1999 2587 παιδὸς
2041 2521 2218 2599 ἑῆος·

500 2622 763 2689 ἐλθοῦς’
805 2623 1156 2705 Οὔλυμπον
1200 2625 1275 2689 δὲ
1316 2623 1450 2689 Δία
1494 2623 1686 2702 λίςαι,
1731 2621 1790 2687 εἴ
1831 2643 1991 2688 ποτε
2036 2625 2114 2701 δή
2159 2643 2216 2689 τι

320 2729 455 2789 395
498 2725 541 2803 ἢ
586 2724 726 2789 ἔπει
770 2725 1021 2805 ὤνηςας
1064 2726 1326 2805 κραδίην
1369 2724 1536 2789 Διὸς
1580 2723 1656 2801 ἠὲ
1698 2725 1802 2814 καὶ
1843 2724 2034 2808 ἔργῳ.

499 2827 777 2892 πολλάκι
819 2828 944 2906 γάρ
987 2847 1096 2893 ςεο
1137 2828 1381 2907 πατρὸς
1424 2827 1524 2892 ἑνὶ
1566 2825 1929 2907 μεγάροιςιν
1973 2825 2218 2892 ἄκουςα

502 2927 889 3009 εὐχομένης,
936 2928 1043 2995 ὅτ’
1086 2928 1335 3012 ἔφηςθα
1378 2927 1743 3009 κελαινεφέι
1789 2927 2103 3007 Κρονίωνι

500 3029 611 3110 οἴη
654 3030 726 3096 ἐν
770 3029 1178 3098 ἀθανάτοιςιν
1223 3030 1439 3097 ἀεικέα
1483 3031 1709 3106 λοιγὸν
1752 3029 2015 3109 ἀμῦναι,
2139 3101 2143 3106 ,

500 3132 753 3199 ὁππότε
797 3154 903 3215 μιν
948 3137 1246 3212 ξυνδῆςαι
1290 3131 1625 3211 Ὀλύμπιοι
1665 3132 1902 3211 ἤθελον
1947 3130 2167 3205 ἄλλοι,

466 3383 536 3440 V.
576 3405 625 3439 L.
661 3391 762 3440 374
796 3388 888 3440 καὶ
923 3386 1139 3441 λίςςετο
1175 3387 1224 3438 Δ
1259 3385 1408 3455 Lips.
1435 3416 1499 3425 —
1524 3392 1625 3439 375
1658 3386 1729 3439 ἅτ
1768 3384 1900 3440 είδίῖ
1925 3385 2032 3439 AC.
2068 3386 2295 3454 ἀτρείδη
2331 3385 2398 3440 Η.
2433 3388 2537 3441 δύο
2561 3386 2620 3440 C.

322 3482 389 3492 —
438 3459 542 3508 377
579 3454 845 3510 αἰδεῖςθαι
880 3453 945 3519 G,
984 3470 1092 3508 om.
1127 3457 1197 3510 θ’.
1236 3483 1296 3496 -
1345 3460 1446 3508 378
1482 3456 1691 3521 ἥνδανε
1780 3453 1829 3504 Gr
1868 3461 1912 3506 1.
1947 3468 2096 3509 man.
2138 3483 2199 3493 —-
2245 3460 2345 3509 379
2381 3456 2474 3509 ἐπι
2509 3454 2619 3509 DL.

323 3525 525 3576 ἔτελλε
563 3521 782 3576 ACGH.
821 3552 882 3561 —
920 3526 1013 3575 381
1059 3523 1205 3587 μάλά
1239 3523 1293 3576 οἱ
1329 3521 1387 3576 C.
1426 3553 1486 3562 -
1537 3527 1638 3576 383
1680 3524 1753 3574 τὰ
1790 3523 1865 3575 δέ
1901 3524 2030 3588 τάχ’
2063 3522 2247 3591 Apoll.
2284 3521 2414 3580 Lex.
2452 3528 2534 3587 99,
2571 3530 2619 3576 2.

324 3620 384 3628 —-
427 3596 531 3645 388
568 3592 836 3657 ἠπείληςε
872 3589 968 3646 DE
1009 3597 1121 3652 120,
1160 3596 1226 3644 38
1270 3589 1323 3641 H
1368 3589 1455 3644 Et.
1490 3589 1547 3642 M
1593 3633 1603 3645 .
1647 3595 1756 3653 121,
1795 3598 1844 3642 5.
1895 3589 2089 3644 Zonar.
2137 3589 2266 3649 Lex,
2310 3596 2427 3644 246.
2480 3592 2512 3645 δ
2549 3594 2618 3659 δὴ

323 3661 415 3711 καὶ
450 3656 521 3711 D.
558 3659 966 3725 τετελεςμένον
999 3656 1068 3712 Η.
1106 3660 1221 3713 ἑςτὶ
1259 3657 1299 3712 C
1335 3675 1392 3727 p.
1427 3674 1530 3712 ras,
1636 3677 1647 3710 :
1685 3658 1860 3710 ceteri
1895 3659 2059 3713 ἐςτίν.
2099 3689 2158 3697 -
2204 3661 2304 3712 393
2339 3661 2430 3712 cb:
2468 3660 2532 3714 ςὺ
2566 3663 2621 3723 γ’

324 3724 381 3778 L.
418 3726 553 3793 ἑῆος
592 3724 741 3779 ΑΒΕ
779 3731 894 3790 121,
932 3731 964 3777 6
1001 3725 1049 3778 G
1086 3724 1176 3779 Et.
1210 3724 1325 3796 Mg.
1363 3733 1480 3791 318,
1523 3733 1562 3779 1.
1603 3728 1731 3792 ἑῆος
1770 3725 1852 3779 CS
1901 3727 1946 3778 A
1993 3725 2098 3780 oll..
2123 3725 2251 3780 Lex.
2292 3731 2374 3791 63,
2412 3734 2460 3782 4.
2499 3727 2618 3780 Sui-

322 3793 423 3847 das
458 3793 502 3859 I,
540 3800 591 3858 2,
627 3800 750 3860 684,
785 3799 845 3846 4:
884 3794 1000 3847 ἑοῖο
1037 3793 1135 3846 HL
1180 3793 1338 3847 Cant.
1378 3793 1534 3848 Vrab.
1574 3795 1625 3847 b.
1673 3825 1735 3835 -
1777 3800 1877 3847 394
1912 3811 1943 3847 ο
1984 3797 2206 3860 λυμπον
2239 3796 2300 3848 δὲ
2335 3798 2401 3848 Α.
2447 3796 2618 3850 λίςςαι

322 3860 443 3915 GH.
468 3892 539 3902 —
562 3867 667 3917 396
700 3863 810 3929 γὰρ
847 3862 940 3928 ςέο
976 3860 1158 3919 Schol.
1198 3861 1241 3916 Α
1277 3866 1394 3916 396.
1431 3863 1513 3917 ἐνι
1548 3864 1615 3919 Α.

452 4103 521 4155 A.
560 4118 610 4156 c.
667 4104 773 4155 374
810 4101 900 4154 καί
937 4100 1181 4154 λίςςετοε
1227 4102 1414 4155 οὕτως
1453 4099 1627 4156 ἰακῶς
1669 4101 1739 4154 τὸ
1774 4100 1995 4156 λίςςετο
2031 4098 2375 4167 Didymus,
2420 4129 2482 4138 —
2520 4104 2612 4154 381
2709 4143 2714 4147 .

318 4170 441 4224 ἐπεὶ
476 4171 655 4236 μάλαε
704 4168 832 4222 ἐπεί
876 4167 949 4235 ῥά
986 4170 1054 4220 νύ
1092 4166 1133 4220 C
1174 4169 1299 4236 pria.
1343 4170 1404 4221 et
1438 4167 1720 4222 Cretensis
1764 4168 1907 4221 teste
1946 4166 2202 4230 Seleu003
2250 4166 2404 4221 idem
2437 4166 2619 4221 Thea-

316 4253 504 4308 genes.
530 4267 599 4277 —
623 4242 729 4291 393
767 4238 926 4303 ἑῆοςε
966 4235 1114 4288 Zeno
1155 4239 1281 4289 otus
1317 4238 1451 4302 ἑοῖο,
1489 4236 1557 4289 cf.
1596 4235 1861 4289 Schol.'52
1895 4241 2012 4299 528,
2055 4241 2170 4289 550.
2207 4234 2276 4287 H.
2313 4234 2375 4287 T.
2411 4241 2526 4289 233.
2555 4266 2612 4274 —

313 4311 415 4360 396
450 4307 560 4374 γάρ
604 4322 704 4361 ςεο
751 4303 1108 4358 Aristarchus
1152 4306 1213 4356 et
1245 4302 1602 4357 Ptolemaeus
1649 4303 1991 4363 Asealcmita:
2038 4303 2135 4356 alii
2179 4305 2284 4370 γὰρ
2320 4306 2429 4370 ςέο,
2466 4303 2617 4372 quod

309 4375 520 4445 probat
554 4372 942 4427 Herodianus,
981 4400 1040 4409 -
1078 4376 1347 4442 3qfl—wss
1381 4374 1708 4439 Ζηνόδοτος
1746 4374 1931 4426 ἀθετεῖ
1966 4372 2421 4426 Aristonicus,

2140 4474 2212 4528 2*
