3144 5006
1353 371 1683 425 ΙΛΙΑΔΟΕ
1728 368 1819 424 XI.
2604 370 2731 434 325

601 524 788 603 ἐγχεῖ
828 523 894 588 τ’
936 522 1082 602 ἄορί
1125 544 1208 588 τε·
1238 523 1563 603 μεγάλοιςί
1606 544 1674 588 τε
1721 523 2168 608 χερμαδίοιςιν,

611 624 883 690 Αἴαντος
930 626 988 689 δ’
1032 624 1277 690 ἀλέεινε
1324 625 1530 705 μάχην
1574 626 2091 706 Τελαμωνιάδαο.

615 726 808 809 [Ζεὺς
850 727 972 805 γάρ
1019 725 1081 791 οἱ
1125 727 1433 810 νεμεςᾶθ’,
1477 725 1574 791 ὅτ’
1617 725 1904 806 ἀμείνονι
1949 729 2120 808 φωτὶ
2163 726 2478 809 μάχοιτο]

778 828 942 893 Ζεὺς
988 829 1058 892 δὲ
1102 828 1310 907 πατὴρ
1353 826 1570 892 Αἴανθ’
1613 826 1923 907 ὑψίζυγος
1967 829 2037 892 έν
2083 828 2296 909 φόβον
2341 830 2533 908 ὠρςε·

442 933 564 992 545
610 933 720 1007 ςτῆ
767 930 837 993 δὲ
881 931 1133 1011 ταφών,
1178 927 1404 994 ὄπιθεν
1448 930 1521 994 δὲ
1566 928 1755 994 ςάκος
1801 928 1995 1008 βάλεν
2040 929 2440 1009 ἑπταβόειον,

613 1032 824 1110 τρέςςε
871 1033 942 1095 δὲ
985 1032 1321 1111 παπτήνας
1367 1030 1473 1111 ἐφ’
1517 1030 1767 1113 ὁμίλου,
1812 1032 1956 1110 θηρὶ
2002 1031 2248 1115 ἐοικώς,

611 1133 1229 1212 ἐντροπαλιζόμενος
1243 1132 1531 1214 ,ὀλίγον
1576 1132 1739 1208 γόνυ
1783 1132 2023 1208 γουνὸς
2067 1131 2360 1212 ἀμείβων.

610 1235 698 1298 ὡς
743 1234 800 1298 δ’
845 1233 1090 1299 αἴθωνα
1136 1234 1368 1298 λέοντα
1415 1237 1591 1313 βοῶν
1638 1234 1770 1297 ἀπὸ
1816 1235 2190 1312 μεςςαύλοιο

608 1335 961 1428 ἐςςεύαντο,
985 1335 1177 1420 ,κύνες
1221 1356 1288 1399 τε
1334 1335 1435 1399 καὶ
1477 1333 1703 1413 ἀνέρες
1749 1336 2118 1417 ἀγροιῶται,

439 1443 565 1500 550
609 1437 674 1502 οἵ
716 1437 784 1501 τέ
830 1458 934 1516 μιν
980 1422 1098 1501 οὐκ
1144 1435 1314 1501 εἰῶςι
1362 1439 1558 1515 βοῶν·
1585 1435 1854 1515 ἐκπῖαρ
1900 1436 2145 1500 ἑλέςθαι

606 1539 924 1618 πάννυχοι
970 1537 1407 1616 ἐγρήςςοντες·
1454 1538 1492 1603 ὃ
1537 1540 1609 1603 δὲ
1652 1544 1883 1616 κρειῶν
1927 1517 2232 1617 ἐρατίῖων

602 1639 791 1722 ἰθύει,
835 1640 977 1705 ἀλλ’
1019 1639 1099 1704 οὔ
1141 1661 1199 1704 τι
1243 1639 1522 1719 πρήςςει·
1565 1640 1794 1717 θαμέες
1838 1638 1961 1717 γὰρ
2005 1637 2272 1703 ἄκοντες

603 1740 824 1806 ἀντίον
872 1739 1146 1806 ἀίςςουςι
1189 1740 1540 1820 θραςειάων
1589 1739 1721 1804 ἀπὸ
1765 1743 2024 1823 χειρῶν,

472 1902 484 1912 .
602 1841 925 1921 καιόμεναί
967 1862 1036 1907 τε
1082 1842 1285 1925 δεταί,
1329 1841 1444 1907 τάς
1487 1862 1556 1906 τε
1599 1845 1738 1920 τρεῖ
1780 1840 2117 1920 ἐςςυμενός
2161 1859 2311 1919 περ·

434 1948 557 2006 555
602 1943 815 2021 ἠῶθεν
863 1944 920 2008 δ’
963 1942 1094 2025 ἀπὸ
1140 1944 1372 2024 νόςφιν
1416 1943 1528 2024 ἔβη
1574 1942 1841 2021 τετιηότι
1885 1947 2092 2025 θυμῷ·

602 2046 690 2109 ὣς
731 2044 886 2110 Ἀἴας
928 2045 1061 2109 τότ’
1105 2043 1235 2109 ἀπὸ
1280 2045 1528 2123 Τρώων
1571 2045 1937 2123 τετιημένος
1980 2043 2137 2122 ἦτορ

599 2145 726 2228 ἤιε,
772 2147 960 2211 πόλλ’
999 2146 1235 2211 ἀέκων·
1281 2148 1426 2225 περὶ
1469 2146 1593 2224 γὰρ
1639 2145 1732 2209 δίε
1776 2145 1992 2223 νηυςὶν
2035 2145 2321 2224 Ἀχαιῶν.

604 2249 693 2313 ὡς
737 2248 795 2313 δ’
839 2248 934 2313 ὅτ’
977 2246 1134 2313 ὄνος
1178 2248 1330 2326 παρ’
1373 2245 1661 2327 ἄρουραν
1707 2246 1821 2311 ἰὼν
1868 2246 2158 2325 ἐβιήςατο
2204 2249 2436 2311 παῖδας

598 2348 841 2431 νωθής,
887 2350 940 2432 ᾧ
988 2351 1064 2428 δὴ
1111 2350 1325 2414 πολλὰ
1369 2350 1512 2428 περὶ
1556 2347 1787 2427 ῥόπαλ’
1831 2346 2025 2429 ἀμφίς
2071 2346 2250 2427 ἐάγη,

432 2455 555 2514 560
598 2449 784 2530 κείρει
828 2451 884 2515 τ’
927 2450 1226 2517 είςελθὼν
1272 2451 1430 2531 βαθὺ
1476 2451 1694 2530 λήιον*
1743 2449 1805 2515 οἱ
1849 2450 1922 2516 δέ
1966 2469 2035 2515 τε
2080 2453 2304 2515 παῖδες

596 2552 935 2619 τύπτουςιν
982 2551 1348 2632 ῥοπάλοιςι·
1397 2553 1496 2632 βίη
1541 2552 1616 2618 δέ
1659 2572 1727 2616 τε
1772 2553 1965 2632 νηπίη
2012 2551 2257 2617 αὐτῶν·

560 2734 630 2789 V.
669 2755 719 2790 1..
775 2741 877 2789 544
900 2734 1172 2789 omittunt
1192 2735 1349 2789 libri:
1385 2735 1624 2789 laudant
1645 2734 1977 2789 Aristoteles
2001 2734 2164 2791 Rhet.
2194 2735 2263 2800 ΙΙ,
2289 2742 2321 2790 9
2360 2737 2705 2804 (νεμέςαςχ’).

424 2802 756 2857 Plutarchus
801 2803 872 2857 de
916 2802 1061 2855 And.
1099 2802 1254 2857 Poet.
1290 2809 1347 2868 6,
1387 2810 1450 2857 14
1547 2804 1618 2870 άρ
1662 2820 1748 2857 τοι
1784 2808 1988 2873 νεμεςᾷ
2014 2843 2027 2856 .
2051 2841 2065 2855 .
2093 2845 2104 2857 .
2132 2843 2144 2856 .
2169 2804 2407 2871 μάχοιο).
2462 2804 2707 2859 Pseudo-

423 2870 566 2992 ¹glut..
616 2878 727 2936 137,
775 2878 839 2926 35
887 2871 979 2938 (de
1027 2869 1159 2923 Vita
1203 2871 1263 2924 et
1304 2871 1460 2940 poesi
1561 2872 1739 2926 omeri
1783 2870 1864 2936 11,
1917 2874 2052 2937 132).
2109 2900 2172 2909 —
2225 2877 2323 2924 544
2354 2872 2555 2925 -αῐαντι
2598 2872 2706 2927 EL.

461 2942 688 3003 ψίζυγος
726 2942 789 2992 A.
836 2941 892 2994 ἐς
937 2939 1120 3005 φόβον
1169 2936 1236 2996 G.
1282 2940 1426 3006 ὡρςε
1463 2937 1728 2992 ACEGH.
1776 2967 1842 2977 —-
1888 2944 1987 2993 545
2032 2940 2262 2993 ὄπιςθεν
2298 2937 2363 2996 G.
2411 2941 2605 2995 ὄπιςθε
2645 2939 2706 2994 Ε.

483 3012 571 3037 N-l

322 3042 330 3050 '
423 3041 588 3094 ςάκος
623 3040 758 3095 θέτο
792 3039 849 3093 L.
894 3039 1045 3093 hunc
1088 3056 1312 3094 versum
1359 3038 1537 3094 omitt.
1586 3038 1654 3091 H.
1700 3069 1765 3079 --
1810 3044 1910 3093 546
1944 3040 2103 3106 τρέςε
2140 3038 2203 3091 G.
2250 3068 2315 3078 —
2353 3044 2453 3093 548
2488 3040 2602 3094 ἀπο
2639 3041 2704 3093 A.

424 3110 718 3170 μεςαύλοιο
746 3105 844 3160 DG
872 3106 1129 3176 Apollon.
1157 3107 1286 3161 Lex.
1321 3114 1395 3169 13,
1422 3113 1502 3161 27.
1543 3137 1608 3146 -
1646 3113 1745 3161 549
1771 3109 2068 3162 ἐςςεύοντο
2095 3105 2497 3160 ACDEGHLS.
2539 3112 2705 3164 κῠνες

425 3173 542 3228 GH.
579 3177 643 3228 τὲ
680 3175 752 3228 Α.«
778 3210 840 3219 --
881 3182 980 3228 550
1015 3175 1072 3229 οἵ
1104 3177 1169 3229 τέ
1195 3193 1287 3241 μιν
1311 3173 1518 3228 ACEH.
1555 3174 1674 3229 οίτέ
1710 3192 1802 3237 μιν
1826 3174 1890 3230 D.
1927 3174 2101 3228 ceteri
2125 3174 2245 3229 οἵτε
2280 3192 2389 3240 μιν.
2425 3176 2561 3242 πίαρ
2586 3174 2704 3230 DG.

421 3271 486 3280 —
523 3248 620 3297 551
659 3244 950 3308 παννύχιοι
976 3241 1034 3295 L.
1069 3244 1403 3310 ἑγρήςοντες
1428 3240 1540 3294 DL.
1581 3244 1612 3295 δ
1648 3243 1710 3296 δὲ
1735 3242 1792 3301 C.
1831 3272 1894 3282 --
1930 3248 2030 3295 552
2067 3260 2107 3297 π
2146 3245 2260 3307 ήςει
2296 3241 2359 3294 D.
2397 3244 2609 3311 πράςςῃ
2638 3242 2703 3298 G.

419 3340 487 3349 -
522 3316 622 3363 553
655 3310 852 3365 ἀντίον
888 3308 1078 3364 CDGL
1114 3309 1250 3363 Mor.
1287 3309 1441 3362 Harl.
1480 3308 1636 3363 Vrat.
1670 3309 1724 3363 b.
1760 3310 1942 3364 ἀντίοι
1976 3309 2072 3362 ΑΕ
2130 3308 2185 3376 S,
2224 3311 2366 3368 conf.
2409 3313 2447 3365 Ρ
2483 3317 2600 3365 662.
2644 3344 2701 3351 -

420 3381 520 3430 555
569 3378 685 3431 ἀπὸ
730 3379 930 3445 νόςφιν
974 3376 1176 3432 CDEL.
1228 3378 1344 3431 ἀπὸ
1388 3379 1486 3431 νός
1537 3395 1553 3429 ι
1603 3375 1667 3431 G.
1722 3377 1892 3447 vulgo
1931 3378 2227 3445 ἀπονόςφι.
2276 3408 2335 3416 -—·
2385 3384 2483 3433 556
2519 3380 2599 3434 ὡς
2636 3380 2699 3435 A.

420 3447 630 3512 τρῲων
667 3444 724 3498 L.
764 3475 820 3483 --
861 3451 960 3499 557
996 3446 1185 3499 ἀέκων
1221 3447 1286 3499 Α.
1322 3445 1451 3513 πέρι
1487 3395 1544 3497 ἵ.
1582 3447 1700 3499 δῖεν
1738 3445 1802 3499 G.
1838 3476 1896 3484 —
1940 3451 2041 3500 558
2076 3448 2153 3500 ὥς
2178 3448 2227 3499 δ’
2252 3443 2317 3499 G.
2360 3478 2409 3485 —-
2456 3452 2555 3501 559
2592 3464 2700 3503 νω·

419 3516 538 3567 θεῖς
574 3510 639 3566 G.
676 3511 804 3580 πέρι
838 3510 905 3568 G.
956 3544 1020 3551 —-
1066 3517 1165 3567 560
1202 3514 1505 3580 βαθυλήῖον
1539 3511 1607 3566 D.
1658 3544 1713 3553 —
1763 3518 1859 3568 561
1897 3516 2169 3568 τύπτουςι
2205 3511 2370 3567 DEG.
2413 3515 2502 3583 βίῃ
2540 3516 2600 3569 δέ
2634 3533 2699 3570 τε

419 3580 592 3649 νηπίη
628 3577 752 3634 GH.

553 3750 619 3802 A.
656 3768 703 3806 c.
764 3754 861 3803 546
886 3749 1263 3817 ἀριςτοφάνης
1288 3751 1358 3803 δι’
1383 3751 1582 3816 ὅμιλον
1607 3748 1951 3817 Didymus.
1991 3778 2053 3788 —-
2081 3754 2350 3804 548-557
2373 3750 2422 3804 Ζ
2462 3752 2700 3809 νόδοτος

417 3817 605 3871 ἀθετεῖ
647 3816 1101 3870 Aristonicus,
1147 3847 1212 3856 —
1256 3823 1358 3871 549
1401 3820 1591 3873 οὕτως
1634 3819 1722 3871 διὰ
1766 3823 1868 3871 τοῦ
1906 3823 1955 3873 ‘6
1999 3818 2294 3874 ἐςςεύοντο
2338 3816 2422 3871 Di
2479 3836 2695 3886 ymus,

415 3883 566 3961 Laud
592 3883 761 3937 dubie
787 3884 981 3947 falsus,
1017 3900 1148 3937 nam
1172 3884 1554 3938 Aristarchum
1571 3885 1775 3964 ‘fugere
1800 3900 1910 3962 non
1936 3886 2147 3963 potuit,
2184 3885 2241 3938 in
2279 3887 2696 3965 comparatione

415 3951 1269 4075 ἰῗέἳῖῗέῗὲᾞὲῖἕέἃςῖἓὲοῖὶῗ
1282 3952 2097 4090 ᾈῼἛιὲἓέζὸἷὲεωωυῗὲῗὲῗιῖ
2117 3953 2411 4074 ,Ἑὲέῖνὲ
2444 3954 2698 4089 Ξῖῗετὲἓῗ

417 4102 512 4152 χος
548 4087 846 4142 ὲςςεύαντο
890 4089 978 4142 διὰ
1021 4092 1125 4142 τοῦ
1163 4094 1214 4141 ’ἅ
1248 4090 1340 4141 καὶ
1383 4090 1614 4154 ἅπαςαι,
1661 4104 1832 4156 quem
1866 4090 2090 4143 secutus
2126 4090 2185 4142 et
2215 4088 2322 4142 hoc
2356 4088 2480 4142 loco
2516 4091 2694 4145 ἐςςεύ-

319 4156 330 4163 ’
415 4170 556 4207 ανῆ-ο
600 4154 820 4223 scripsi,
864 4155 1016 4223 quod
1061 4155 1400 4210 recentiores
1444 4155 1689 4210 editores
1738 4157 1963 4211 auctore
2012 4157 2076 4210 G.
2124 4155 2444 4210 Hermanno
2491 4156 2536 4210 Ο
2581 4175 2692 4216 uso.

417 4220 486 4287 ΙΙ,
524 4227 589 4276 49
624 4238 752 4276 rece
797 4224 975 4276 eruniz.
1016 4250 1088 4260 —-·
1112 4227 1207 4277 551
1249 4228 1454 4291 κρειῶν
1488 4222 1856 4278 Herodianus.
1895 4255 1955 4262 —
1993 4230 2091 4279 553
2127 4225 2453 4292 ἀρίςταρχος
2477 4227 2527 4278 δι
2587 4231 2692 4283 τοῦ

411 4295 454 4363 ,ν
498 4290 694 4346 ἀντίον
789 4288 1071 4365 idymus.
1110 4321 1170 4331 -
1209 4296 1308 4349 555
1342 4293 1458 4351 ἀπὸ
1493 4293 1713 4362 νόςφιν,
1749 4291 1894 4351 conf.
1931 4290 1997 4350 H.
2032 4292 2101 4349 U.
2137 4297 2217 4351 88.
