3144 5006
1343 401 1676 456 ιΛιΑΔος
1723 400 1788 455 X.
2584 398 2710 463 283

426 566 550 624 210
596 560 690 639 ἂψ
738 558 1278 638 ἀναχωρήςουςιν,
1326 558 1465 621 ἐπεὶ
1507 556 1870 636 δαμάςαντό
1912 557 1971 631 γ’
2016 555 2324 634 Ἀχαιούς.

589 662 788 727 ταῦτά
832 680 900 724 κε
946 661 1157 725 πάντα
1200 660 1470 724 πύθοιτο
1515 659 1620 721 καὶ
1663 658 1757 736 ἂψ
1804 657 1889 722 εἰς
1935 657 2130 736 ἡμέας
2173 657 2352 723 ἔλθοι

591 763 890 841 ἀςκηθής·
936 762 1250 839 μέγωκέν
1297 760 1358 827 οἱ
1404 760 1804 840 ὑπουράνιον
1850 760 2035 825 κλέος
2081 759 2178 837 εἴη

591 864 835 929 πάντας
880 864 982 928 ἐπ’
1027 863 1446 944 ἀνθρώπους,
1491 863 1592 927 καί
1638 859 1699 925 οἱ
1746 862 1915 925 δόςις
1959 862 2198 926 ἔςςεται
2252 860 2453 938 έςθλή.

591 965 764 1031 ὅςςοι
808 967 932 1046 γὰρ
977 966 1229 1045 νήεςςιν
1274 964 1749 1042 ἐπικρατέουςιν
1794 963 2056 1045 ἄριςτοι,

423 1073 544 1130 215
591 1073 721 1133 τῶν
767 1068 1032 1132 πάντων
1079 1065 1140 1131 οἱ
1186 1065 1445 1131 ἕκαςτος
1490 1063 1594 1129 ὄιν
1639 1067 1912 1129 δώςουςι
1955 1064 2283 1148 μέλαιναν,

591 1173 790 1246 θῆλυν
837 1168 1200 1248 ὑπόρηνον·
1245 1174 1321 1247 τῇ
1365 1169 1480 1246 μὲν
1527 1167 1752 1247 κτέρας
1797 1167 1993 1233 οὐδὲν
2037 1165 2293 1248 ὁμοῖον,

590 1271 713 1335 αἰεὶ
755 1270 812 1334 δ’
855 1270 926 1337 ἐν
971 1270 1208 1354 δαίτῃςι
1252 1270 1353 1334 καὶ
1397 1267 1746 1352 εἰλαπίνηςι
1790 1269 2107 1348 παρέςται.

764 1372 850 1437 ὣς
895 1372 1108 1456 ἔφαθ’,
1156 1372 1222 1436 οἳ
1269 1371 1324 1436 δ’
1369 1370 1494 1449 ἄρα
1538 1370 1775 1436 πάντες
1820 1367 1980 1449 ἀκὴν
2026 1370 2333 1447 ἐγένοντο
2380 1374 2610 1450 ςιωπῇ·

590 1477 750 1539 τοῑςι
794 1476 866 1539 δὲ
909 1474 1010 1538 καὶ
1054 1474 1341 1553 μετέειπε
1389 1474 1545 1553 βοὴν
1592 1471 1833 1549 ἀγαθὸς
1878 1472 2237 1552 Διομήδης·

425 1581 549 1639 220
762 1576 1024 1654 Νέςτορ,
1070 1574 1166 1654 ἔμ’
1210 1574 1465 1653 ὀτρύνει
1511 1572 1731 1652 κραδίη
1776 1574 1877 1637 καὶ
1920 1574 2118 1654 θυμὸς
2162 1572 2427 1651 ἀγήνωρ

593 1678 852 1754 ἀνδρῶν
897 1677 1258 1755 δυςμενέων
1304 1679 1486 1741 δῦναι
1533 1676 1803 1754 ςτρατὸν
1849 1675 2038 1752 ἐγγὺς
2083 1675 2350 1756 ἐόντων,

593 1778 872 1857 Τρώων·
920 1778 1063 1842 ἀλλ’
1106 1777 1165 1842 εἴ
1206 1776 1298 1842 τίς
1340 1798 1450 1856 μοι
1493 1776 1657 1856 ἀνὴρ
1703 1776 1807 1856 ἅμ’
1852 1777 2073 1842 ἕποιτο
2119 1778 2223 1841 καὶ
2267 1775 2488 1857 ἄλλος,

600 1881 845 1959 μᾶλλον
891 1881 1199 1959 θαλπωρὴ
1245 1881 1349 1943 καὶ
1391 1879 1913 1957 θαρςαλεώτερον
1958 1879 2148 1943 ἔςται.

596 1982 710 2046 ςύν
754 2002 821 2046 τε
868 1982 978 2046 δύ’
1021 1978 1385 2063 ἐρχομένω,
1430 1982 1531 2045 καί
1575 2001 1644 2046 τε
1688 1982 1819 2058 πρὸ
1864 1981 1901 2043 ὃ
1946 1984 2065 2044 τοῦ
2110 1979 2394 2062 ἐνόηςεν,

427 2087 548 2144 225
594 2081 824 2148 ὅππως
867 2083 1092 2162 κέρδος
1138 2083 1242 2165 ἔῃ·
1291 2086 1532 2162 μοῦνος
1579 2083 1634 2146 δ’
1679 2080 1738 2147 εἴ
1780 2083 1902 2160 πέρ
1946 2101 2015 2146 τε
2060 2082 2283 2167 νοήςῃ,

594 2183 760 2249 ἀλλά
801 2204 871 2249 τε
917 2185 978 2249 οἱ
1026 2185 1311 2265 βράςςων
1356 2204 1423 2249 τε
1469 2184 1660 2265 νόος,
1705 2185 1903 2262 λεπτὴ
1950 2184 2021 2250 δέ
2065 2200 2132 2247 τε
2178 2186 2375 2262 μῆτις.

763 2286 849 2350 ὣς
895 2285 1104 2369 ἔφαθ’,
1151 2287 1217 2351 οἳ
1261 2287 1317 2350 δ’
1361 2285 1591 2352 ἔθελον
1635 2286 1951 2364 Διομήδεϊ
1992 2286 2228 2350 πολλοὶ
2272 2284 2542 2349 ἕπεςθαι.

590 2386 896 2466 ἠθελέτην
941 2386 1166 2452 Αἴαντε
1211 2389 1369 2469 δύω,
1415 2388 1808 2465 θεράποντες
1849 2387 2105 2466 Ἄρηος,

591 2488 778 2566 ἤθελε
826 2488 1185 2573 Μηριόνης,
1230 2489 1397 2568 μάλα
1442 2487 1502 2554 δ’
1544 2489 1731 2568 ἤθελε
1783 2486 2101 2567 Νὲςτορος
2150 2487 2306 2571 υἱός,

426 2594 550 2653 230
593 2591 779 2669 ἤθελε
825 2593 880 2656 δ’
926 2591 1242 2670 Ἀτρείδης
1288 2592 1474 2669 δουρὶ
1517 2591 1762 2656 κλειτὸς
1812 2591 2168 2671 Μενέλαος,

593 2691 780 2770 ἤθελε
827 2694 883 2757 δ’
929 2693 966 2757 ὁ
1011 2694 1269 2774 τλήμων
1316 2692 1615 2758 Ὀδυςεὺς
1660 2697 2005 2757 καταδῦναι
2048 2693 2275 2770 ὅμιλον

593 2793 867 2872 Τρώων·
915 2793 1033 2859 αἰεὶ
1078 2795 1202 2873 γάρ
1249 2794 1310 2857 οἱ
1355 2795 1448 2859 ἐνὶ
1493 2796 1677 2874 φρεςὶ
1721 2795 1919 2874 θυμὸς
1966 2793 2220 2874 ἐτόλμα.

590 2897 746 2959 τοῖςι
791 2898 861 2960 δὲ
906 2897 1010 2960 καὶ
1053 2895 1383 2974 μετέειπεν
1429 2896 1590 2962 ἄναξ
1636 2894 1893 2974 ἀνδρῶν
1939 2896 2378 2977 Ἀγαμέμνων·

763 2996 1030 3075 Τυδείδη
1077 2995 1432 3079 Διόμηδες,
1478 2996 1610 3079 ἐμῷ
1658 2998 2063 3076 κεχαριςμένε
2108 3002 2307 3082 θυμῷ,

558 3213 624 3271 V
662 3234 715 3268 1..
767 3221 936 3279 21ογ
941 3213 1173 3268 'omitt.
1219 3213 1283 3268 G.
1331 3245 1396 3255 —
1440 3221 1535 3269 211
1575 3216 1756 3269 ταῦτά
1803 3232 1865 3270 κε
1902 3214 2060 3269 CDE.
2107 3218 2288 3272 ταῦτά
2320 3233 2385 3271 τε
2422 3217 2486 3269 A.
2530 3218 2713 3271 ταῦτά

425 3299 488 3336 τε
524 3281 716 3336 Ambr.
763 3232 936 3336 GHLY
954 3283 1058 3348 (τὲ)
1107 3281 1261 3337 Cant.
1313 3281 1541 3337 Barocc.
1587 3282 1727 3337 Mor.
1777 3279 1991 3337 Townl.
2036 3282 2190 3337 Vrat.
2228 3283 2283 3337 b
2330 3285 2387 3337 in
2422 3283 2609 3339 litura.
2648 3316 2709 3324 -

424 3355 522 3403 212
557 3351 686 3406 ΕΙΗΙ
724 3349 980 3404 Ambros.
1016 3380 1080 3390 —-
1119 3355 1217 3405 217
1255 3351 1306 3404 δ’
1340 3350 1519 3405 omitt.
1555 3350 1617 3404 E.
1653 3381 1716 3390 —
1756 3357 1856 3405 218
1893 3352 1972 3405 ὡς
2008 3349 2460 3408 A.01'1>’GL.-
2496 3359 2591 3406 221
2620 3356 2711 3408 δύ-

424 3468 515 3505 ναι
559 3451 629 3505 Η.
685 3452 904 3506 ἐόντων
949 3449 1196 3506 CDEGH
1240 3449 1393 3504 Harl.
1438 3450 1595 3510 Vrat
1641 3452 1695 3505 b.
1751 3428 1971 3508 ἐόντων
2018 3452 2123 3508 AS.
2175 3455 2343 3508 ἐόντα
2388 3452 2445 3512 L
2503 3485 2565 3494 —-
2611 3461 2710 3508 222

424 3521 633 3588 τρῴων
658 3518 760 3574 CL.
798 3520 849 3574 εἴ
883 3536 967 3574 τις
993 3536 1084 3585 μοι
1110 3517 1320 3574 CGHL.
1358 3550 1424 3560 --
1459 3526 1559 3574 223
1596 3523 2053 3588 θαρςαλεώτερος
2080 3522 2231 3576 ἐςτὶν
2253 3520 2313 3574 L.
2349 3524 2462 3577 ἔςτι
2485 3521 2709 3577 Barnea.

427 3619 560 3674 Mor.
599 3650 662 3659 -
698 3627 798 3673 224
836 3623 936 3675 ςὺν
972 3624 1033 3675 δὲ
1069 3619 1252 3674 Schol.
1294 3623 1328 3675 Γ
1364 3627 1478 3674 211.
1527 3600 1824 3689 ἐρχομένω
1868 3623 1931 3676 G.
1980 3623 2070 3677 καί
2106 3639 2194 3676 τοι
2228 3620 2289 3674 L.
2328 3624 2360 3675 ὃ
2395 3621 2708 3677 ACDGHL.

427 3717 489 3726 —
527 3694 628 3742 226
662 3689 883 3755 κέρδιον
919 3690 1005 3755 εἴη
1044 3689 1093 3740 G
1129 3687 1266 3742 Mor.
1306 3689 1392 3755 εἴη
1429 3688 1541 3742 DL.
1557 3639 1631 3744 ρεχῖ
1666 3692 1774 3756 πέρ
1809 3707 1875 3745 τε
1908 3688 2119 3745 ACEH.
2172 3691 2333 3755 εἴπερ
2366 3707 2421 3743 τι
2455 3688 2514 3745 L
2552 3691 2711 3758 εἴπερ

425 3758 480 3808 τί
517 3753 581 3809 G.
611 3758 804 3833 νοήςει
839 3755 896 3812 0.
934 3751 1128 3822 νοήςοι
1163 3754 1224 3808 L.
1259 3785 1322 3794 —-
1361 3761 1462 3809 226
1496 3773 1560 3811 τε
1599 3757 1779 3811 omitt.
1815 3756 1877 3816 L.
1915 3788 1980 3797 -
2016 3762 2115 3811 227
2152 3759 2232 3811 ὡς
2258 3757 2322 3810 A.
2360 3757 2466 3810 οἵδ’
2502 3757 2709 3812 CGHL.

427 3822 562 3876 ordo
605 3822 665 3876 in
711 3822 761 3877 G
806 3824 892 3876 est
933 3829 1061 3891 227,
1099 3829 1228 3889 229,
1264 3829 1389 3889 230,
1424 3829 1550 3891 228,
1590 3831 1706 3879 231.
1748 3855 1815 3865 -
1864 3831 1964 3880 228
1999 3825 2316 3891 θεράποντε
2356 3822 2463 3877 GL.
2508 3854 2574 3863 -—
2611 3832 2712 3880 230

426 3923 604 3977 omitt.
650 3921 687 3976 S
730 3922 897 3979 Mose.
935 3932 984 3979 3.
1028 3927 1186 3992 δουρὶ
1230 3903 1450 3980 κλειτὸς
1485 3926 1551 3978 A.
1599 3928 1966 3992 δουρικλυτὸς
2012 3924 2122 3980 OG.
2174 3927 2553 3992 δουρυκλυτὸς
2590 3924 2710 3980 DG.

426 3990 599 4044 ceteri
633 3993 1028 4059 δουρικλειτὸς.
1067 4021 1133 4031 —-
1170 3998 1266 4046 231
1306 3994 1565 4049 ὁδυςςεὺς
1602 3943 1808 4051 DEGS.
1847 3996 2175 4048 καταδῦναιε
2213 3996 2372 4047 δῦναι
2420 3992 2472 4046 S.
2511 4023 2575 4032 --
2612 3999 2711 4048 232

424 4059 632 4126 τρῲων
667 4058 726 4113 L.
762 4060 850 4115 ἀεὶ
888 4058 997 4114 GL.
1033 4062 1141 4127 γὰρ
1178 4060 1260 4114 ἑνὶ
1298 4059 1350 4113 S.
1388 4090 1454 4100 —-
1491 4067 1591 4116 233
1629 4064 1719 4114 καὶ
1758 4062 1935 4120 omitt
1974 4060 2083 4114 HS.

560 4263 627 4314 A.
662 4278 708 4315 c.
765 4269 863 4316 216
899 4263 1229 4331 ὑπόρρηνον
1263 4265 1325 4317 δὲ
1360 4263 1563 4330 γράφει
1607 4264 1697 4317 διὰ
1742 4268 1846 4318 τοῦ
1891 4264 2088 4331 ἑτέρου
2131 4280 2164 4330 ρ
2206 4262 2375 4318 Schol
2407 4263 2472 4319 V.
2513 4296 2574 4305 —
2611 4271 2709 4322 224

421 4329 709 4396 ἐρχομένω
744 4329 1120 4384 Aristarchus:
1158 4329 1257 4384 affi
1293 4332 1635 4398 ἐρχομένων.
