3144 5006
1322 409 1655 464 ιΛιΑΔος
1714 388 1862 465 xni.
2638 408 2720 472 27

609 563 879 640 ἐγγύθεν
924 563 1248 642 ὁρμηθείς·
1295 562 1702 643 ἀμενήνωςεν
1748 565 1821 628 δέ
1867 562 1931 627 οἱ
1974 562 2201 641 ἀίχμὴν

604 669 998 744 κυανοχαῖτα
1040 664 1419 730 Ποςειδάων
1465 664 1706 744 βιότοιο
1750 666 2047 744 μεγήρας.

603 767 706 831 καὶ
748 767 825 830 τὸ
870 767 985 846 μὲν
1030 765 1229 832 αὐτοῦ
1273 766 1433 844 μεῖν’
1480 765 1571 830 ὥς
1615 786 1684 832 τε
1729 769 1975 832 ςκῶλος
2018 768 2438 848 πυρίκαυςτος

436 874 558 932 565
604 867 676 933 ἐν
723 867 892 933 ςάκει
938 868 1368 951 Ἀντιλόχοιο,
1412 870 1489 933 τὸ
1535 868 1593 933 δ’
1635 867 1817 948 ἥμιςυ
1861 869 2009 933 κεῖτ’
2053 868 2159 933 ἐπὶ
2200 867 2408 947 γαίης·

604 970 699 1049 ἂψ
744 970 801 1034 δ’
846 969 1096 1049 ἑτάρων
1143 969 1232 1035 εἰς
1276 969 1466 1036 ἔθνος
1510 970 1772 1049 ἐχάζετο
1816 970 1954 1049 κῆρ’
1998 968 2324 1035 ἀλεείνων.

606 1071 936 1150 Μηριόνης
981 1071 1038 1136 δ’
1083 1070 1358 1136 ἀπιόντα
1401 1072 1876 1150 μεταςπόμενος
1924 1071 2077 1150 βάλε
2123 1073 2309 1150 δουρὶ

605 1172 871 1236 αἰδοίων
914 1194 981 1237 τε
1026 1175 1259 1252 μεςηγὺ
1306 1174 1407 1238 καὶ
1452 1172 1789 1256 ὀμφαλοῦ,
1833 1172 1990 1237 ἔνθα
2033 1172 2299 1251 μάλιςτα

603 1273 837 1350 γίγνετ’
879 1273 1036 1354 ἄρης
1080 1275 1410 1352 ἀλεγεινὸς
1454 1274 1764 1352 ὀιζυροῖςι
1810 1277 2148 1354 βροτοῖςιν.

439 1381 564 1439 570
608 1375 767 1441 ἔνθά
811 1376 874 1440 οἱ
918 1376 1110 1456 ἔγχος
1154 1377 1415 1455 ἔπηξεν·
1461 1377 1499 1441 ὃ
1545 1376 1604 1441 δ’
1647 1377 1997 1457 ἑςπόμενος
2042 1375 2186 1454 περὶ
2228 1377 2412 1455 δουρὶ

604 1477 856 1557 ἦςπαιρ’
899 1477 988 1543 ὡς
1033 1478 1141 1543 ὅτε
1186 1481 1375 1561 βοῦς,
1419 1478 1533 1544 τόν
1578 1478 1633 1543 τ’
1678 1478 1890 1557 οὔρεςι
1932 1477 2235 1557 βουκόλοι
2278 1476 2510 1556 ἄνδρες

608 1578 851 1644 ἰλλάςιν
897 1580 1016 1645 οὐκ
1059 1579 1367 1645 ἐθέλοντα
1411 1580 1509 1663 βίῃ
1556 1581 1859 1659 δήςαντες
1902 1577 2193 1655 ἄγουςιν·
2234 1601 2247 1616 “
2411 1657 2416 1662 .

610 1680 700 1744 ὣς
747 1681 784 1744 ὃ
831 1682 1049 1746 τυπεὶς
1091 1681 1358 1761 ἤςπαιρε
1401 1681 1672 1759 μίνυνθά
1714 1702 1866 1763 περ,
1914 1679 1993 1746 οὔ
2037 1703 2094 1746 τι
2139 1681 2307 1758 μάλα
2351 1682 2503 1764 δήν,

606 1779 786 1860 ὄφρά
832 1780 895 1845 οἱ
939 1783 1007 1847 ἐκ
1053 1783 1250 1862 χροὸς
1297 1783 1488 1863 ἔγχος
1534 1782 1913 1862 άνεςπάςατζ
1958 1782 2224 1859 ἐγγύθεν
2271 1782 2479 1859 ἐλθὼν

439 1888 561 1946 575
605 1882 779 1962 ἥρως
827 1883 1186 1962 Μηριόνης·
1230 1885 1347 1949 τὸν
1392 1886 1464 1950 δὲ
1509 1885 1731 1950 ςκότος
1778 1884 1919 1949 ὄςςε
1964 1883 2231 1962 κάλυψε.

788 1986 1130 2064 Δηίπυρον
1175 1986 1232 2049 δ’
1275 1987 1539 2051 Ἕλενος
1583 1986 1752 2066 ξίφεϊ
1796 1986 2023 2065 ςχεδὸν
2069 1985 2263 2063 ἦλαςε
2309 1983 2543 2064 κόρςην

611 2086 919 2171 Θρηικίῳ,
966 2087 1256 2172 μεγάλῳ,
1303 2088 1435 2153 ἀπὸ
1480 2088 1552 2152 δὲ
1597 2088 1993 2168 τρυφάλειαν
2038 2087 2289 2166 ἄραξεν.

607 2188 647 2265 ἣ
692 2187 807 2265 μὲν
852 2187 1380 2269 ἀποπλαγχθεῑςα
1422 2189 1615 2269 χαμαὶ
1658 2189 1809 2254 πέςε
1829 2237 1846 2270 ,
1891 2189 1993 2254 καί
2035 2210 2127 2253 τις
2172 2188 2442 2268 Ἀχαιῶν

608 2287 1031 2368 μαρναμένων
1075 2292 1233 2368 μετὰ
1278 2292 1457 2356 ποςςὶ
1500 2292 1965 2370 κυλινδομένην
2010 2291 2322 2371 ἑκόμιςςε·

443 2395 567 2454 580
609 2389 728 2454 τὸν
772 2391 841 2453 δὲ
887 2391 1021 2454 κατ’
1064 2390 1421 2472 ὀφθαλμῶν
1467 2393 1769 2473 ἐρεβεννὴ
1813 2394 1927 2460 νὺξ
1972 2393 2310 2471 ἐκάλυψεν.

786 2490 1105 2572 Ἀτρείδην
1151 2493 1209 2558 δ’
1253 2492 1413 2574 ἄχος
1458 2492 1622 2579 εἷλε,
1669 2495 1828 2574 βοὴν
1874 2479 2122 2572 ἀγαθὸν
2172 2495 2547 2561 Μενέλαον·

615 2597 692 2674 βῆ
735 2593 792 2657 δ’
835 2594 1263 2674 ἑπαπειλήςας
1307 2595 1542 2681 Ἑλένῳ
1587 2596 1760 2676 ἥρωι·
1792 2594 2047 2680 ἄνακτι,

615 2695 730 2761 ὀξὺ
773 2695 932 2774 δόρυ
976 2696 1305 2776 κραδάων·
1353 2698 1390 2762 6
1438 2699 1508 2763 δὲ
1552 2698 1746 2781 τόξου
1790 2701 2002 2777 πῆχυν
2047 2694 2293 2763 ἄνελκε.

583 2846 651 2900 V.
690 2865 739 2904 ι..
812 2849 910 2900 562
959 2845 1324 2912 ἀμενήνωςεν
1368 2850 1434 2906 A.
1480 2846 1813 2916 ἆμενήνωςε
1860 2846 1963 2903 CE.
2013 2847 2380 2915 ἀμενοίνηςεν
2418 2847 2476 2903 L.
2520 2880 2584 2888 -—
2631 2854 2730 2903 563

443 2951 729 3005 ποςιδάων
764 2950 828 3004 A.
869 2917 1205 3067 uesssspoTE‘C.
1256 2977 1320 2987 —
1367 2955 1468 3003 564
1503 2954 1724 3003 ςκῶλον
1762 2951 2138 3016 πυρίκαυςτον
2174 2948 2362 3016 Apoll.
2401 2947 2728 3018 Soph.‘143.

440 3024 488 3075 3.
530 3047 586 3054 —-
628 3021 727 3070 565
764 3017 924 3120 ιςκίκεῖ
1016 3057 1025 3067 .
1082 3017 1174 3069 ἐπι
1218 3017 1283 3069 A.
1337 3017 1497 3084 γαίης
1544 3015 1771 3070 ADEG:
1817 3019 1947 3085 γαίῃ
1998 3015 2136 3070 CHL
2190 3014 2337 3085 Lips.
2376 3015 2535 3072 Vrat.
2575 3016 2628 3070 d.
2665 3047 2730 3056 —

441 3125 539 3175 566
575 3119 834 3177 ἀλεείνον
872 3117 938 3172 G.
974 3118 1087 3172 add
1138 3117 1187 3171 D
1223 3120 1284 3172 in
1321 3135 1494 3191 marg.
1535 3136 1666 3173 man
1722 3135 1830 3175 sec,
1873 3120 2118 3174 πάντοςε
2156 3119 2497 3174 παπταίνων
2534 3121 2610 3187 μή
2646 3137 2729 3174 τις

450 3189 592 3256 χρόα
627 3189 804 3240 καλὸν
841 3187 1086 3253 ἐπαύρη,
1134 3187 1233 3254 qui
1277 3186 1489 3257 legitur
1523 3193 1640 3241 649.
1688 3186 1929 3253 eundem
1975 3187 2104 3241 add.
2147 3186 2299 3240 Harl.
2344 3187 2400 3240 in
2448 3189 2626 3242 textu.
2664 3218 2727 3227 —

443 3262 543 3309 568
576 3258 640 3309 τὲ
688 3253 745 3312 C.
802 3256 1039 3321 μεςςηγὺ
1088 3252 1134 3304 D
1181 3253 1328 3310 Flor.
1375 3254 1532 3313 Rom,
1590 3285 1652 3293 —-
1707 3260 1805 3308 569
1857 3256 2069 3319 γίγνετ’
2104 3254 2171 3307 L:
2224 3257 2400 3319 γίνετ’
2433 3253 2731 3310 ACDEGH

455 3320 638 3377 Schol.
686 3322 854 3391 Soph.
895 3321 977 3378 Αἰ.
1017 3327 1132 3376 253.
1191 3320 1372 3379 Cram.
1409 3321 1512 3390 Ep.
1551 3328 1632 3387 78,
1671 3329 1719 3375 4.
1764 3321 1947 3378 Schol.
1997 3324 2037 3377 Β
2076 3328 2191 3380 381.
2236 3326 2286 3377 Δ
2323 3329 2440 3376 461.
2491 3322 2578 3381 Et.
2615 3322 2673 3377 M
2716 3367 2729 3381 .

443 3396 566 3451 440,
604 3396 689 3444 35.
730 3388 916 3458 Apoll.
956 3388 1124 3458 Soph.
1163 3395 1245 3450 41,
1290 3396 1366 3443 12.
1403 3391 1619 3452 γίνεται
1653 3389 1768 3443 Zon
1821 3388 1953 3443 Lex.
1980 3395 2094 3444 289.
2137 3394 2378 3458 βροτοῖςι
2401 3389 2550 3460 Lips.
2577 3341 2770 3449 Vraffi..

451 3459 521 3509 A.
557 3455 702 3511 Flor.
745 3488 800 3495 —
845 3463 945 3511 570
979 3457 1113 3510 ἔνθά
1149 3457 1202 3511 οἱ
1238 3455 1556 3511 ACDGHL.
1603 3460 1636 3512 6
1671 3460 1721 3511 δ’
1755 3457 1824 3511 D.
1875 3459 1960 3511 ὅδ’
1996 3456 2153 3514 CGL.
2207 3460 2259 3510 δ’
2295 3460 2601 3524 ἑςπόμενο(
2636 3457 2731 3513 AC

448 3523 699 3578 DEGHL
735 3523 822 3578 Et.
864 3522 1008 3579 Gud.
1045 3529 1164 3589 508,
1200 3530 1249 3576 2.
1286 3523 1465 3578 Cram.
1504 3524 1549 3577 E
1595 3565 1607 3578 .
1642 3531 1758 3589 392,
1798 3520 1844 3578 3.
1891 3528 1951 3579 δὲ
1987 3531 2269 3591 ςπόμενος
2303 3525 2499 3581 ·Schol.
2540 3528 2577 3580 Κ
2616 3531 2729 3580 246.

454 3593 515 3646 δὲ
552 3594 821 3659 ςχόμενος
857 3590 1042 3661 Apoll.
1081 3590 1249 3660 Soph.
1295 3597 1405 3657 148,
1447 3601 1526 3648 13.
1550 3543 1681 3647 {ies
1720 3593 1803 3648 ch.
1836 3592 1948 3651 JV.
2000 3600 2113 3647 120.
2156 3596 2218 3647 ἐν
2252 3594 2410 3662 ἄλλῳ
2447 3596 2479 3646 ό
2516 3595 2576 3648 δὲ
2612 3595 2733 3659 ςχό-

450 3662 720 3737 μενοςΑ.
758 3659 901 3716 conf.
939 3660 996 3713 Μ
1035 3665 1151 3713 395.
1188 3689 1252 3698 -
1298 3665 1396 3713 572
1433 3659 1647 3715 ἰλλᾶςιν
1671 3610 1739 3716 D.
1788 3660 2000 3715 ἰθλάςιν
2025 3660 2080 3718 L.
2129 3662 2424 3728 δὴςαντεςε
2461 3663 2734 3724 δαμάςαν-

449 3744 544 3782 τες
581 3725 732 3796 L1ps.
759 3756 823 3766 -
848 3733 948 3781 573
986 3727 1064 3780 ὡς
1090 3728 1155 3783 Α.
1194 3728 1227 3780 6
1264 3726 1528 3786 ACDHL.
1566 3731 1791 3794 ἔςπαιρε
1815 3727 1883 3786 H.
1920 3758 1983 3766 —
2021 3734 2122 3782 574
2158 3730 2311 3795 όφρά
2346 3728 2400 3782 οί
2424 3726 2733 3786 ACDGHL.

451 3795 515 3848 ἐκ
554 3797 736 3861 χειρὸς
775 3792 869 3846 DL
918 3795 1146 3861 (χερὸς).
1194 3795 1462 3850 ἀνέςπατ’
1497 3795 1554 3852 C.
1603 3825 1665 3835 -—
1713 3802 1811 3850 575
1855 3797 2022 3849 τόνδε
2062 3795 2126 3848 D.
2174 3797 2299 3850 ὄςςε
2335 3796 2552 3862 κάλυψε
2596 3794 2736 3849 ACE

447 3860 658 3917 Townl.
693 3861 851 3917 Vrat.
900 3862 956 3917 b.
997 3862 1049 3915 d.
1098 3864 1354 3928 καλύψεν
1390 3861 1456 3920 D.
1503 3864 1618 3918 ὄςς’
1655 3864 1903 3930 ἐκάλυψε
1950 3861 2069 3920 GH.
2123 3864 2406 3928 ἐκάλυψεν
2441 3861 2501 3921 L.
2536 3891 2601 3902 —
2637 3868 2737 3916 576

454 3930 600 3995 ξίφει
634 3928 701 3987 Η.
750 3936 952 3995 κορςυν
989 3927 1049 3985 L.
1103 3959 1169 3969 -
1224 3936 1321 3983 577
1358 3932 1473 3985 ἀπο
1509 3929 1675 3989 DHL.
1729 3959 1787 3969 -*
1846 3936 1946 3984 578
1990 3932 2025 3997 ἢ
2073 3932 2174 3995 μὲν
2212 3929 2268 3988 C.
2314 3932 2737 3996 ἀποπλαχθεῖςα

450 3994 512 4048 Li
557 4013 596 4050 ε.
633 3996 786 4051 Vrat.
829 3998 893 4055 A.
947 3999 1117 4052 πέςεν
1152 3996 1217 4053 D.
1269 4027 1322 4035 -
1377 4004 1478 4053 579
1524 4016 1667 4064 μετα
1714 3997 1761 4050 A
1833 4000 2272 4063 κυλινδουμένην
2316 3996 2415 4050 HL
2488 3999 2734 4064 ἑκόμιςςε

450 4013 762 4185 ἂέὓὲῌῑιχ
797 4065 895 4119 ὲκό
938 4081 1015 4118 ιςε
1053 4064 1115 4118 Ε.
1150 4101 1215 4109 -
1262 4071 1360 4119 583
1398 4067 1431 4119 6
1466 4068 1528 4120 δὲ
1566 4065 1624 4120 C.
1669 4067 1868 4120 ἀνέλκε
1907 4064 1961 4122 L.
1998 4066 2235 4119 ἄνελκεν
2272 4066 2337 4118 Α.
2382 4066 2603 4119 ἀνεῖλκε
2640 4063 2732 4118 CD

557 4173 568 4184 .
642 4138 727 4186 νεῖ
766 4148 863 4187 κεν
949 4173 960 4186 .

454 4285 653 4409 Βώοΐ.
671 4303 764 4406 ἐπὶ,
800 4290 902 4339 570
948 4287 998 4338 δ·
1044 4287 1380 4351 ἑςπόμενοςε
1435 4287 1586 4340 τινὲς
1631 4288 1693 4340 δὲ
1739 4286 2005 4352 ςχόμενος
2050 4286 2177 4339 ἀντὶ
2223 4289 2327 4338 τοῦ
2364 4285 2733 4351 ςυνεχόμενος
