3144 5006
1271 408 1606 464 ΙΛΙΑΔΟ(
1659 406 1781 461 XV.
2589 399 2674 466 85

386 571 512 628 410
556 563 699 629 ἀλλ’
745 563 836 629 ὥς
880 583 947 628 τε
992 563 1226 642 ςτάθμη
1273 562 1432 642 δόρυ
1475 562 1663 640 νήιον
1707 560 1979 627 ἐξιθύνει

552 666 858 732 τέκτονος
901 666 973 730 ἐν
1017 664 1338 749 παλάμῃςι
1383 665 1744 748 δαήμονος,
1788 663 1861 729 ὅς
1907 662 1989 742 ῥά
2031 682 2103 727 τε
2146 661 2352 738 πάςης

555 766 628 832 εὖ
672 767 808 851 εἰδῇ
855 767 1084 848 ςοφίης
1128 765 1685 851 ὑποθημοςύνῃςιν
1730 765 2023 844 Ἀθήνης,

531 868 646 934 ’ὣς
691 869 808 948 μὲν
850 872 984 934 τῶν
1028 868 1132 952 ἐπὶ
1175 866 1279 934 ἶςα
1322 868 1488 948 μάχη
1532 868 1759 932 τέτατο
1804 865 2123 945 πτόλεμός
2166 884 2253 928 τε.

733 971 922 1042 ἄλλοι
967 970 1026 1036 δ’
1068 970 1226 1052 ἀμφ’
1270 968 1491 1054 ἄλλῃςι
1536 967 1744 1049 μάχην
1788 966 2109 1048 ἐμάχοντο
2154 966 2415 1031 νέεςςιν.

391 1078 516 1137 415
560 1074 805 1153 Ἕκτωρ
848 1074 904 1137 δ’
948 1071 1086 1139 ἄντ’
1130 1070 1401 1137 Αἴαντος
1444 1070 1690 1137 ἐείςατο
1734 1068 2124 1146 κυδαλίμοιο.

559 1175 654 1239 τὼ
698 1176 770 1241 δὲ
812 1178 953 1255 μιῆς
996 1175 1145 1254 περὶ
1185 1174 1342 1253 νηὸς
1386 1174 1543 1255 ἔχον
1587 1175 1834 1256 πόνον,
1879 1170 2036 1236 οὐδὲ
2080 1168 2361 1235 δύναντο

550 1275 691 1341 οὔθ’
733 1277 772 1342 ὃ
816 1277 933 1343 τὸν
979 1277 1262 1342 ἐξελάςαι
1306 1277 1412 1341 καὶ
1453 1277 1782 1355 ἐνιπρῆςαι
1825 1274 1979 1353 πυρὶ
2021 1275 2173 1350 νῆα,

550 1377 691 1443 οὔθ’
733 1379 773 1445 ὃ
813 1379 931 1445 τὸν
976 1378 1071 1458 ἂψ
1117 1377 1422 1463 ὤςαςθαι,
1467 1377 1605 1443 ἐπεί
1652 1377 1708 1458 ῥ’
1752 1375 2057 1442 ἐπέλαςςέ
2100 1392 2173 1450 γε
2217 1371 2484 1452 δαίμων.

543 1479 678 1546 ἔνθ’
722 1479 827 1545 υἷα
875 1479 1168 1546 Κλυτίοιο
1218 1481 1556 1561 Καλήτορα
1595 1478 1897 1561 φαίδιμος
1938 1475 2121 1552 Αἴας,

378 1587 507 1646 420
549 1585 679 1662 πῦρ
725 1583 792 1648 ἐς
837 1586 963 1660 νῆα
1005 1583 1325 1663 φέροντα,
1370 1583 1531 1647 κατὰ
1576 1584 1803 1660 ςτῆθος
1851 1579 2002 1660 βάλε
2049 1576 2259 1656 δουρί·

438 1702 451 1711 ·
547 1684 870 1763 δούπηςεν
914 1685 986 1749 δὲ
1028 1683 1278 1764 πεςών,
1322 1685 1520 1748 δαλὸς
1565 1684 1639 1749 δέ
1684 1683 1747 1748 οἱ
1790 1682 2012 1748 ἔκπεςε
2057 1678 2290 1759 χειρός.

547 1786 793 1863 Ἕκτωρ
838 1786 895 1851 δ’
941 1785 1035 1851 ὡς
1077 1784 1342 1863 ένόηςεν
1388 1784 1664 1864 ἀνεψιὸν
1708 1784 2132 1865 ὀφθαλμοῖςιν

551 1888 623 1954 ἐν
671 1886 912 1971 κονίῃςι
956 1885 1235 1952 πεςόντα
1278 1886 1427 1952 νεὸς
1469 1885 1873 1966 προπάροιθε
1916 1882 2246 1964 μελαίνης,

546 1989 751 2068 Τρωςί
792 2008 862 2053 τε
906 1988 1008 2053 καὶ
1049 1988 1362 2054 Λυκίοιςιν
1409 1987 1704 2053 ἐκέκλετο
1749 1987 1993 2068 μακρὸν
2038 1984 2263 2049 άύςας·

376 2096 500 2153 425
715 2090 932 2169 Τρῶες
976 2089 1076 2154 καὶ
1119 2088 1338 2155 Λύκιοι
1381 2090 1482 2154 καὶ
1525 2090 1863 2168 Δάρδανοι
1907 2084 2356 2166 ἀγχιμαχηταί,

543 2191 625 2270 μὴ
671 2192 749 2270 δή
794 2211 900 2257 πω
945 2191 1206 2271 χάζεςθε
1249 2191 1452 2271 μάχης
1496 2191 1583 2256 ένῘ
1616 2190 1840 2257 ςτείνεῑ
1881 2194 2083 2274 τῷδε,

552 2293 694 2358 ἀλλ’
739 2293 843 2358 υἷα
891 2292 1182 2358 Κλυτίοιο
1228 2294 1538 2369 ςαώςατε·,
1584 2293 1665 2374 μή
1709 2311 1814 2373 μιν
1859 2293 2098 2371 Ἀχαιοὶ

549 2395 781 2474 τεύχεα
825 2396 1134 2473 ςυλήςωςι
1176 2398 1350 2462 νεῶν
1395 2397 1466 2461 ἐν
1511 2395 1715 2473 ἀγῶνι
1759 2395 2056 2461 πεςόντα.

723 2497 815 2562 ὣς
858 2496 1057 2563 εἰπὼν
1101 2495 1372 2564 Αἴαντος
1418 2497 1706 2564 ἀκόντιςε
1752 2498 1939 2577 δουρὶ
1981 2506 2254 2583 φαεινῷ.

371 2605 498 2664 430
541 2604 657 2664 τοῦ
702 2601 817 2680 μὲν
861 2598 1104 2680 ἅμαρθ’,
1164 2601 1204 2667 ὃ
1247 2600 1304 2666 δ’
1347 2598 1569 2666 ἔπειτα
1610 2599 2034 2681 Λυκόφρονα,
2093 2601 2436 2681 Μάςτορος
2481 2603 2620 2667 υἱόν
2640 2653 2659 2685 ,

540 2700 811 2767 Αἴαντος
855 2702 1223 2781 θεράποντα
1270 2702 1621 2783 Κυθήριον,
1665 2702 1738 2768 ὅς
1786 2701 1867 2780 ῥα
1909 2706 2059 2782 παρ’
2103 2703 2278 2787 αὐτῷ

540 2803 685 2885 ναῖ’,
731 2802 873 2868 ἐπεὶ
915 2801 1122 2884 ἄνδρα
1166 2805 1435 2870 κατέκτα
1482 2804 1817 2883 Κυθήροιςι
1858 2806 2158 2881 ζαθέοιςι,

537 2905 654 2970 τόν
701 2904 758 2985 ῥ’
802 2904 1030 2986 ἔβαλεν
1075 2909 1364 2987 κεφαλὴν
1411 2905 1571 2986 ὑπὲρ
1619 2905 1856 2971 οὔατος
1902 2906 2035 2973 ὀξέι
2078 2910 2326 2992 χαλκῷ,

535 3007 779 3072 ἑςταότ’
822 3004 966 3085 ἄγχ’
1010 3004 1308 3073 Αἴαντος·
1354 3009 1393 3073 ὃ
1438 3008 1495 3073 δ’
1538 3008 1764 3073 ὕπτιος
1810 3008 1880 3072 ἐν
1927 3009 2164 3092 κονίῃςι
2304 3016 2313 3028 ’

365 3115 490 3173 435
534 3108 691 3189 νηὸς
734 3107 868 3174 ἄπο
913 3112 1203 3189 πρυμνῆς
1246 3109 1515 3191 χαμάδις
1560 3110 1741 3191 πέςε,
1787 3109 1983 3176 λύντο
2030 3113 2100 3175 δὲ
2143 3115 2308 3188 γυῖα.

499 3310 568 3365 V.
607 3331 656 3365 ι..
725 3316 822 3365 411
870 3313 1137 3377 δαΐμονος
1185 3314 1250 3367 Α.
1298 3342 1361 3350 ——
1407 3317 1506 3365 413
1552 3314 1630 3366 ὡς
1665 3312 1730 3364 A.
1769 3341 1834 3350 -—
1879 3317 1981 3365 416
2014 3312 2100 3365 τὼ
2146 3313 2207 3366 δὲ
2257 3313 2340 3380 ἰῆς
2391 3312 2545 3367 vrat.
2588 3315 2652 3367 A.

367 3382 570 3444 ἔχοντο
593 3380 655 3433 L.
693 3380 825 3433 οὐδὲ
861 3381 1108 3434 δύναντο
1135 3378 1279 3434 ACD
1323 3387 1365 3436 1.
1405 3396 1549 3435 man.
1587 3377 1673 3433 Es
1698 3379 1858 3435 Vrat.
1895 3380 1951 3434 b.
1988 3379 2150 3437 Rom.
2189 3381 2654 3437 ΟΥΔΕΔΥΝΑΝ-

371 3450 466 3504 ΤΟ
504 3448 541 3501 S
610 3492 623 3505 .
666 3476 724 3486 —-
759 3452 859 3502 417
895 3448 929 3501 δ
967 3445 1265 3501 ACDGHL
1299 3446 1451 3501 Eust-
1491 3452 1639 3511 1022,
1675 3454 1755 3500 41.
1804 3450 1885 3501 ἑνὶ
1924 3454 2125 3516 πρῆςαι
2163 3446 2284 3502 GH.
2327 3454 2468 3516 νῆας
2506 3449 2652 3504 ACD

364 3514 515 3570 EGH
633 3514 756 3583 Syr.
801 3531 931 3569 cum
975 3514 1131 3569 libris
1177 3515 1259 3569 He
1341 3514 1397 3572 ii.
1446 3545 1512 3555 —
1555 3520 1657 3569 418
1705 3516 1739 3569 ὃ
1778 3514 2092 3569 ACDGHL.
2128 3517 2396 3572 ἑπέλαςςέ
2433 3519 2459 3571 ἑ
2496 3517 2551 3576 S,
2594 3549 2651 3558 -

364 3589 464 3638 419
499 3584 622 3637 υἷαι
658 3583 786 3638 υἱὸν
820 3581 870 3636 D
905 3599 1180 3652 suprascr.
1217 3600 1251 3637 a
1274 3623 1287 3637 .
1323 3599 1470 3641 man.
1506 3585 1777 3651 καλῖτορα
1814 3582 1855 3637 C
1897 3591 1939 3636 1.
1980 3601 2126 3655 maga.
2168 3585 2470 3653 καλλίτορα
2507 3586 2559 3643 S.
2586 3618 2650 3624 -—

364 3658 465 3705 420
500 3656 638 3718 νῆας
663 3648 713 3703 D
750 3652 837 3717 (ας
874 3657 924 3708 2.
961 3651 1139 3720 man.)
1167 3649 1207 3703 Ι,
1243 3651 1401 3709 Vrat.
1426 3653 1490 3708 A.
1515 3682 1585 3691 —
1618 3656 1716 3704 421
1754 3653 1899 3706 δούπ
1944 3668 2001 3707 ςε
2027 3650 2173 3720 Lips.
2199 3680 2262 3692 -
2301 3659 2401 3706 422
2436 3655 2650 3719 ὀφθαλ-

365 3724 505 3784 μοῑςι
531 3717 579 3772 G
615 3718 763 3773 Flor.
798 3717 959 3773 Rom.
987 3748 1053 3758 —
1086 3726 1187 3774 423
1224 3722 1369 3774 νεὼς
1395 3717 1606 3775 CDHL.
1644 3721 1783 3787 νηὸς
1809 3718 1857 3773 G
1882 3669 2028 3773 fflor.
2054 3719 2217 3776 Rom.
2256 3750 2319 3759 —
2356 3727 2455 3773 424
2481 3720 2653 3786 τρῳςί

361 3786 420 3845 L.
457 3789 524 3841 τὲ
558 3785 628 3845 Η.
665 3816 729 3825 -
765 3790 867 3842 425
901 3804 934 3840 τ
974 3792 1083 3855 ῷες
1108 3786 1169 3840 L.
1193 3816 1261 3828 --
1284 3792 1384 3842 426
1419 3788 1604 3843 ςτένεῖ
1640 3786 1690 3841 H
1727 3794 1773 3841 1.
1810 3805 1956 3843 man.
1983 3818 2049 3827 —
2072 3794 2171 3840 42⁷
2208 3790 2454 3842 ςαώςετε
2492 3787 2649 3842 Vrat.

362 3855 417 3912 d.
458 3855 748 3920 ςαώςομεν
784 3853 964 3909 Scho.
1003 3854 1042 3909 Ε
1078 3860 1194 3909 266.
1243 3883 1307 3894 -—
1353 3861 1454 3911 429
1492 3856 1571 3911 ώς
1615 3856 1681 3912 A.
1729 3885 1783 3895 -
1835 3861 1936 3910 430
1972 3856 2004 3912 ὃ
2040 3856 2091 3910 δ’
2127 3855 2192 3909 D.
2230 3858 2314 3910 ὅδ’
2351 3854 2515 3910 CGH.
2552 3860 2650 3924 μή-

369 3921 866 4058 {amc-4123
873 3927 925 4045 “δ
937 3924 1013 4044 δέ»
1035 3923 1107 4043 {5²
1140 3922 1711 4046 1¹⁴'1Ess33223‘55130‘2‘'
1741 3922 1912 4044 ἓξὲξ·
1926 3923 2645 4059 α’ἑιωέονέιῖἳῖεῶἇᾶῗ·

360 4087 429 4098 -
462 4063 562 4113 435
597 4058 712 4112 ἀπὸ
750 4055 843 4111 CD
880 4064 930 4115 2.
968 4075 1115 4112 man.
1155 4057 1367 4137 EQHL.
1408 4060 1522 4113 ἀπο
1559 4059 1626 4116 A.
1664 4061 1839 4113 λῡντο
1876 4058 2136 4114 CDGHL.
2175 4062 2316 4114 λῦτο
2353 4060 2513 4118 Cant.

364 4295 375 4305 ο
496 4227 561 4282 A.
598 4244 664 4280 c·
716 4231 818 4306 4.¹4
852 4230 913 4282 ἐκ
947 4230 1158 4284 τούτου
1192 4229 1568 4284 διεςκεύαςται
1594 4230 1628 4282 ὁ
1651 4233 1753 4296 τῆς
1788 4229 2140 4297 τειχομαχίας
2177 4227 2361 4306 ςτίχος
2397 4230 2479 4296 (Μ
2512 4234 2644 4296 175),

361 4297 554 4363 nanque
589 4296 903 4350 athenaeus.
943 4327 1008 4335 -
1043 4303 1141 4351 417
1178 4298 1510 4364 άρίςταρχος
1546 4302 1681 4364 νῆα,
1728 4298 1889 4352 ἄλλοι
1924 4300 1986 4352 δὲ
2021 4302 2161 4363 νῆας
2199 4296 2543 4365 D1dymus.
2579 4327 2637 4335 ——-

360 4369 462 4417 419
495 4363 614 4418 uta:
653 4362 803 4429 υἱόν,
841 4363 984 4418 conf.
1020 4363 1085 4423 H.
1122 4363 1189 4424 U.
1224 4370 1306 4420 46.
