3144 5006
1295 390 1631 447 ΙΛΙΑΔΟ(
1688 388 1834 444 XVI.
2585 390 2704 454 135

583 546 699 612 τὸν
745 549 800 612 δ’
845 546 1315 626 ἐπικερτομέων
1361 544 1692 626 προςέφης
1735 544 2126 624 Πατρόκλεις
2170 544 2396 609 ἱππεῦ·
2487 533 2496 545 ’

414 652 537 708 745
756 650 810 713 ὢ
856 649 1089 726 πόποι,
1134 647 1174 727 ἧ
1220 647 1364 728 μάλ’
1407 647 1697 728 ἐλαφρὸς
1742 647 1941 730 ἀνήρ,
1988 647 2077 711 ῶς
2122 646 2261 727 ῥεῖα
2305 651 2573 730 κυβιςτᾷ.

584 749 640 814 εἰ
685 752 763 830 δή
809 771 941 817 που
985 750 1086 814 καὶ
1129 749 1353 835 πόντῳ
1400 749 1470 816 ἐν
1515 748 1836 830 ἰχθυόεντι
1877 750 2169 832 γένοιτο,

584 852 873 918 πολλοὺς
918 853 998 917 ἂν
1043 851 1363 931 κορέςειεν
1410 852 1575 932 ἀνὴρ
1620 850 1735 918 ὅδε
1778 853 1975 932 τήθεα
2019 855 2266 934 διφῶν,

583 954 736 1033 νηὸς
782 954 1260 1037 ἀποθρῴςκων,
1304 953 1359 1019 εἰ
1403 954 1504 1020 καὶ
1547 954 1994 1034 δυςπέμφελος
2040 952 2168 1035 εἴη,

581 1055 672 1120 ὡς
718 1058 840 1121 νῦν
887 1055 957 1121 ἐν
1001 1054 1204 1140 πεδίῳ
1252 1056 1317 1122 ἐξ
1359 1054 1581 1122 ἵππων
1627 1054 1766 1135 ῥεῖα
1811 1059 2079 1137 κυβιςτᾷ.

414 1162 536 1220 750
579 1155 619 1235 ἧ
665 1159 747 1237 ῥα
788 1158 891 1223 καὶ
934 1158 1005 1223 ἐν
1051 1157 1325 1237 Τρώεςςι
1370 1160 1809 1238 κυβιςτητῆρες
1852 1156 2042 1222 ἔαςιν.

755 1259 845 1325 ὣς
890 1258 1092 1326 εἰπὼν
1139 1259 1241 1325 ἐπὶ
1288 1259 1594 1343 Κεβριόνῃ
1636 1258 1799 1338 ἥρωι
1845 1259 2121 1341 βεβήκει,

583 1359 737 1440 οἶμα
781 1361 1050 1427 λέοντος
1096 1360 1299 1441 ἔχων,
1345 1361 1419 1427 ὅς
1462 1382 1533 1426 τε
1579 1361 1892 1441 ςταθμοὺς
1937 1362 2248 1441 κεραΐζων

578 1462 811 1543 ἔβλητο
855 1465 1020 1543 πρὸς
1065 1469 1324 1547 ςτῆθος,
1369 1463 1440 1542 ἑή
1485 1465 1554 1529 τέ
1600 1483 1704 1542 μιν
1748 1463 1989 1528 ὤλεςεν
2033 1462 2225 1542 ἀλκή·

575 1564 666 1630 ὣς
710 1566 817 1631 ἐπὶ
865 1566 1170 1650 Κεβριόνῃ
1214 1565 1609 1645 Πατρόκλεις
1657 1563 1812 1630 ἆλςο
1858 1565 2131 1645 μεμαώς,

408 1671 528 1728 755
574 1666 818 1746 Ἕκτωρ
864 1667 920 1732 δ’
963 1665 1106 1732 αὖθ’
1151 1667 1464 1747 ἑτέρωθεν
1508 1665 1625 1748 ἀφ’
1664 1665 1884 1732 ἵππων
1930 1665 2089 1731 ἆλτο
2133 1670 2385 1746 χαμᾶζε.

574 1769 665 1833 τὼ
711 1770 855 1850 περὶ
902 1768 1251 1850 Κεβριόναο
1299 1768 1512 1834 λέονθ’
1557 1768 1649 1862 ᾥς
1693 1769 2103 1848 δηρινθήτην,

572 1869 625 1933 ὥ
671 1872 725 1935 τ’
769 1869 962 1950 ὄρεος
1007 1875 1321 1954 κορυφῇςι
1365 1872 1514 1949 περὶ
1557 1869 1865 1950 κταμένης
1910 1870 2215 1951 ἐλάφοιο,

575 1971 773 2055 ἄμφω
817 1972 1192 2044 πεινάοντε,
1240 1972 1403 2053 μέγα
1446 1973 1808 2054 φρονέοντε
1853 1971 2198 2052 μάχεςθον·

575 2075 666 2141 ὣς
710 2075 861 2154 περὶ
908 2074 1254 2155 Κεβριόναο
1300 2074 1436 2140 δύω
1481 2075 1804 2154 μήςτωρες
1849 2073 2075 2153 ἀυτῆς,

404 2181 529 2240 760
570 2175 952 2257 Πάτροκλός
994 2195 1064 2241 τε
1110 2177 1538 2255 Μενοιτιάδης
1583 2176 1684 2241 καὶ
1726 2176 2028 2256 φαίδιμος
2071 2176 2345 2260 Ἕκτωρ,

569 2277 725 2344 ἵεντ’
769 2277 1071 2356 ἀλλήλων
1115 2278 1370 2357 ταμέειν
1415 2278 1582 2357 χρόα
1626 2277 1803 2356 νηλέι
1847 2280 2086 2362 χαλκῷ.

574 2380 815 2460 Ἕκτωρ
861 2381 975 2458 μὲν
1021 2382 1391 2461 κεφαλῆφιν
1435 2379 1577 2444 ἐπεὶ
1622 2379 1846 2460 λάβεν,
1893 2378 2037 2458 οὐχὶ
2080 2379 2301 2459 μεθίει’

573 2481 953 2562 Πάτροκλος
1000 2482 1057 2547 δ’
1100 2481 1409 2562 ἑτέρωθεν
1456 2481 1605 2563 ἔχεν
1648 2481 1887 2549 ποδός·
1935 2481 1996 2547 οἱ
2039 2482 2111 2547 δὲ
2157 2482 2233 2562 δὴ
2279 2481 2465 2549 ἄλλοι

570 2585 786 2664 Τρῶες
831 2585 932 2650 καὶ
973 2584 1230 2650 Δαναοὶ
1275 2584 1555 2662 ςύναγον
1602 2586 1916 2665 κρατερὴν
1960 2584 2242 2664 ὑςμίνην.

403 2692 525 2750 765
743 2686 834 2752 ὡς
878 2687 936 2752 δ’
979 2685 1169 2766 εὖρός
1213 2706 1282 2753 τε
1327 2685 1519 2752 νότος
1564 2685 1621 2750 τ’
1664 2684 2060 2779 ἐριδαίνετον
2101 2685 2433 2766 ἀλλήλοιιν

532 2904 596 2963 V.
634 2924 681 2958 τ..
754 2910 853 2959 744
896 2905 989 2960 ἐπὶ
1036 2906 1364 2973 κερτομέων
1410 2904 1476 2960 G.
1535 2906 1793 2973 προςέφη
1840 2903 1989 2973 Lips.
2036 2903 2191 2959 Vrat.
2236 2906 2302 2959 A.
2364 2910 2685 2975 πατροκλῆς
2797 2944 2817 2967 .

393 3042 599 3096 tuneo(
638 3039 799 3094 Vrat.
846 3042 911 3094 A.
960 3001 1162 3096 ιππὲῗιν
1182 3040 1251 3093 Η.
1299 3071 1357 3079 -
1413 3044 1510 3094 ‘145
1547 3041 1595 3093 ὦ
1643 3042 1820 3096 πόποι
1856 3039 2027 3093 ADH.
2074 3041 2157 3096 mc
2200 3039 2493 3095 ACDEHL
2528 3041 2684 3100 Harl.

392 3108 533 3163 Mor.
576 3108 733 3162 Vrat.
771 3109 827 3162 b.
873 3107 1046 3165 Mose.
1094 3114 1143 3162 2.
1185 3107 1331 3162 Flor.
1381 3107 1561 3176 Apoll.
1614 3107 1685 3161 de
1731 3108 1871 3167 Adv.
1918 3113 2033 3171 604,
2077 3115 2153 3165 12.
2212 3110 2290 3163 ὣς
2338 3108 2495 3163 Cant.
2537 3111 2680 3180 LipS.

394 3178 456 3231 ὃς
493 3176 531 3230 S
565 3176 652 3231 J0.
687 3175 846 3230 Alex.
884 3182 968 3242 42,
1010 3182 1084 3230 14.
1121 3176 1444 3230 Athenaeus
1480 3175 1524 3241 Ι,
1566 3183 1642 3230 13.
1679 3175 1844 3230 Rhet.
1885 3176 1977 3234 Gr.
2014 3176 2114 3243 ΙΙΙ,
2151 3182 2233 3240 93,
2273 3184 2320 3235 1.
2356 3177 2455 3240 111,
2491 3184 2609 3245 206,
2634 3185 2683 3233 8.

394 3244 541 3313 Lips.
579 3261 643 3299 uu
687 3260 858 3299 rascr.
907 3246 969 3299 ός
1006 3243 1070 3299 G.
1107 3276 1172 3283 ——
1211 3249 1306 3298 747
1343 3245 1542 3312 κορέςη
1580 3242 1633 3296 S.
1681 3245 1776 3298 ὅδε
1812 3243 1995 3298 omitt.
2036 3243 2102 3298 H.
2149 3274 2212 3285 -
2259 3251 2359 3299 748
2404 3246 2684 3313 ἀποθρώι-

395 3329 548 3367 ςκων
584 3327 645 3367 so
672 3330 735 3365 us
760 3313 835 3365 A:
874 3312 1049 3366 ceteri
1085 3313 1491 3380 ἀποθρώςκων.
1520 3348 1585 3356 -
1625 3317 1723 3365 749
1760 3313 1823 3366 ὃς
1848 3316 1953 3365 νῦν
1987 3311 2128 3367 Mor.
2154 3342 2218 3351 —-
2245 3318 2344 3367 750
2378 3314 2450 3380 ῥὰ
2474 3312 2680 3368 CDGL.

395 3383 715 3447 κυβιςτῆρες
752 3379 795 3432 L
840 3379 1019 3445 Rom..
1067 3380 1210 3434 conf.
1254 3380 1293 3435 C
1338 3384 1453 3434 605.
1499 3382 1531 3433 δ
1571 3385 1649 3435 18.
1684 3410 1748 3419 -
1798 3384 1890 3434 751
1934 3381 2012 3434 ὼς
2049 3382 2112 3434 A.
2162 3382 2410 3448 κεβρῑόνϊ
2446 3380 2505 3435 C.
2557 3385 2682 3451 ἥρῳ

394 3447 459 3501 Η.
496 3479 563 3488 --
606 3455 704 3503 752
754 3447 890 3515 οἶμα
934 3448 991 3506 C.
1045 3477 1111 3487 —-
1165 3454 1263 3501 753
1310 3449 1373 3516 ἑῆ
1410 3447 1470 3504 L.
1518 3478 1585 3486 —
1633 3453 1731 3502 754
1769 3448 1847 3502 ὡς
1883 3448 1948 3500 A.
2004 3449 2094 3503 ἐπι
2129 3447 2197 3502 D.
2252 3450 2388 3503 ᾰλςο
2425 3448 2484 3503 C.
2540 3450 2681 3504 ἆλτο

394 3515 616 3575 Barocc.
654 3545 717 3556 —
765 3521 864 3570 755
901 3517 971 3569 αὖ
1017 3514 1163 3585 Lips,
1199 3515 1355 3574 Vrat.
1401 3516 1469 3568 A.
1516 3517 1657 3570 ἆλτο
1702 3515 1760 3572 C.
1809 3517 2018 3583 χαμᾶζε
2054 3514 2158 3570 CL.
2193 3545 2260 3555 —
2308 3522 2408 3580 756
2444 3517 2523 3572 ὡς
2561 3516 2677 3571 AG.

391 3586 761 3652 δηρινθήτηνε
799 3586 1125 3650 δηρινθῆναι
1162 3585 1306 3638 κατά
1341 3600 1522 3649 τινας,
1560 3585 1792 3651 μάλιςτα
1828 3585 1890 3638 δὲ
1925 3586 1956 3637 δ
2034 3588 2218 3652 ιθῆναι
2253 3584 2331 3653 (h.
2371 3600 2417 3639 ο.
2454 3587 2678 3653 δηριθὴ-

391 3653 521 3720 την)
558 3652 682 3720 δίχα
718 3656 823 3706 τοῦ
859 3658 892 3704 ῢ
928 3650 1079 3707 Euat.
1124 3657 1267 3717 1085,
1310 3657 1389 3710 13.
1434 3680 1500 3691 --
1545 3657 1642 3739 75]
1682 3669 1808 3720 περι
1843 3601 2059 3706 ADflfl.
2103 3681 2169 3692 -—
2217 3657 2315 3707 758
2352 3653 2523 3719 ἄμφω
2562 3670 2677 3708 πει-

389 3745 581 3800 τάοιτε
618 3743 739 3810 (sic)
778 3744 844 3799 G.
882 3774 945 3784 —
985 3749 1083 3800 759
1121 3746 1199 3799 ὡς
1236 3746 1300 3798 A.
1345 3773 1405 3781 —
1457 3748 1548 3798 761
1598 3746 1742 3800 ἰἐντ·
1776 3744 1888 3801 cD.
1924 3776 1988 3784 —
2038 3750 2135 3800 762
2174 3748 2497 3815 κεφαλῆφιν
2535 3744 2675 3800 CDE

391 3812 583 3872 Ambr.
638 3812 781 3881 (sine
819 3813 1093 3880 accentu).
1149 3814 1300 3878 ot'sxl:
1355 3814 1479 3866 οὔτι
1516 3812 1598 3866 LS
1644 3812 1790 3881 Lips.
1845 3814 2039 3880 μεθείη
2086 3812 2185 3868 OS.
2241 3814 2447 3879 μεθείει
2492 3812 2561 3866 H.
2610 3844 2674 3853 —-

393 3885 491 3934 763
526 3883 620 3946 ἔχε
656 3880 766 3934 ΟΙ).
804 3911 867 3919 -
907 3885 1006 3934 764
1041 3886 1221 3948 τρῷες
1256 3878 1315 3938 L.
1353 3881 1593 3947 ςυνάγον
1620 3878 1685 3936 G.
1724 3917 1788 3926 —
1825 3887 1929 3936 765
1965 3884 2132 3936 νότος
2168 3898 2232 3937 τε
2258 3881 2318 3938 C.
2354 3882 2674 3950 ἀλλήλοιςιν

389 3947 425 4001 S
460 3947 629 4003 Mose.
666 3954 715 4002 2.
755 3947 942 4003 Schol.
979 3947 1028 4001 V
1066 3948 1138 4002 ad
1173 3950 1221 4003 Ξ
1256 3953 1373 4002 394.

524 4151 589 4204 A.
629 4168 677 4205 o.
747 4155 848 4207 748
899 4152 1289 4219 δυςπέμφελος
1335 4151 1453 4219 εἴης
1500 4153 1882 4220 δυςπέμφελοι
1928 4154 2049 4207 εἷεν
2093 4152 2425 4211 zenodotus.
2461 4181 2526 4191 —-
2571 4157 2672 4207 762

389 4219 516 4285 οὐχὶ
553 4218 753 4285 μεθίεις
788 4218 1107 4274 zenodotus
1141 4221 1245 4275 οὐκ
1282 4219 1489 4284 ἑμεθίει
1522 4220 1668 4274 teste
1693 4219 1934 4288 Didymo
1971 4221 2044 4274 ad
2079 4223 2126 4277 Ο
2164 4226 2281 4275 716.
2320 4219 2672 4274 Aristarchus

389 4287 515 4352 οὐχὶ
593 4287 757 4341 eatae
800 4286 1171 4353 abiudicavit,
1218 4286 1355 4355 quid
1402 4288 1594 4341 autem
1637 4286 1724 4341 his
1768 4288 1989 4343 duobus
2022 4288 2158 4343 locis
2192 4286 2506 4357 scripserit,
2542 4288 2670 4343 οὐκὶ

387 4371 460 4409 an
496 4370 529 4409 ο
600 4371 679 4420 τι,
716 4369 830 4408 non
862 4354 1060 4423 liquet,
1098 4356 1243 4413 conf.
1278 4355 1347 4408 H.
1383 4353 1447 4411 Τ.
1484 4362 1602 4411 328.
