<?xml version="1.0" encoding="UTF-8"?>
<!DOCTYPE html PUBLIC "-//W3C//DTD XHTML 1.0 Transitional//EN"
    "http://www.w3.org/TR/xhtml1/DTD/xhtml1-transitional.dtd">
<html xmlns="http://www.w3.org/1999/xhtml" xml:lang="en" lang="en">
 <head>
  <title>
</title>
<meta http-equiv="Content-Type" content="text/html;charset=utf-8" />
  <meta name='ocr-system' content='tesseract 3.04.00' />
  <meta name='ocr-capabilities' content='ocr_page ocr_carea ocr_par ocr_line ocrx_word'/>
</head>
<body>
  <div class='ocr_page' id='page_1' title='image "./iliasadfidemlib00homegoog_0294.png"; bbox 0 0 3144 5006; ppageno 0'>
   <div class='ocr_carea' id='block_1_1' title="bbox 473 414 1832 479">
    <p class='ocr_par' dir='ltr' id='par_1_1' title="bbox 473 414 1832 479">
     <span class='ocr_line' id='line_1_1' title="bbox 473 414 1832 479; baseline -0.006 0"><span class='ocrx_word' id='word_1_1' title='bbox 473 414 598 479; x_wconf 85' lang='grc'>284</span> <span class='ocrx_word' id='word_1_2' title='bbox 1397 417 1728 472; x_wconf 76' lang='grc' dir='ltr'>ΙΛΙΑΔΟΕ</span> <span class='ocrx_word' id='word_1_3' title='bbox 1775 418 1832 471; x_wconf 90' lang='grc' dir='ltr'>Κ.</span> 
     </span>
    </p>
   </div>
   <div class='ocr_carea' id='block_1_2' title="bbox 469 569 2563 2381">
    <p class='ocr_par' dir='ltr' id='par_1_2' title="bbox 472 569 2455 1057">
     <span class='ocr_line' id='line_1_2' title="bbox 472 569 2364 654; baseline 0.003 -25"><span class='ocrx_word' id='word_1_4' title='bbox 472 572 592 631; x_wconf 90' lang='grc'>235</span> <span class='ocrx_word' id='word_1_5' title='bbox 637 569 754 635; x_wconf 88' lang='grc' dir='ltr'>τὸν</span> <span class='ocrx_word' id='word_1_6' title='bbox 798 571 912 648; x_wconf 77' lang='grc' dir='ltr'>μὲν</span> <span class='ocrx_word' id='word_1_7' title='bbox 958 572 1034 649; x_wconf 85' lang='grc' dir='ltr'>δὴ</span> <span class='ocrx_word' id='word_1_8' title='bbox 1082 569 1314 649; x_wconf 81' lang='grc' dir='ltr'>ἕταρόν</span> <span class='ocrx_word' id='word_1_9' title='bbox 1358 570 1418 647; x_wconf 80' lang='grc' dir='ltr'>γ’</span> <span class='ocrx_word' id='word_1_10' title='bbox 1459 569 1771 654; x_wconf 86' lang='grc' dir='ltr'>αἱρήςεαι,</span> <span class='ocrx_word' id='word_1_11' title='bbox 1816 569 1897 635; x_wconf 86' lang='grc' dir='ltr'>ὅν</span> <span class='ocrx_word' id='word_1_12' title='bbox 1942 570 1995 634; x_wconf 84' lang='grc' dir='ltr'>κ’</span> <span class='ocrx_word' id='word_1_13' title='bbox 2041 570 2364 654; x_wconf 84' lang='grc' dir='ltr'>ἐθέλῃςθα,</span> 
     </span>
     <span class='ocr_line' id='line_1_3' title="bbox 641 667 2455 753; baseline 0.001 -18"><span class='ocrx_word' id='word_1_14' title='bbox 641 671 1061 751; x_wconf 84' lang='grc' dir='ltr'>φαινομένων</span> <span class='ocrx_word' id='word_1_15' title='bbox 1103 672 1221 738; x_wconf 86' lang='grc' dir='ltr'>τὸν</span> <span class='ocrx_word' id='word_1_16' title='bbox 1265 670 1550 753; x_wconf 87' lang='grc' dir='ltr'>ἄριςτον,</span> <span class='ocrx_word' id='word_1_17' title='bbox 1599 667 1738 736; x_wconf 83' lang='grc' dir='ltr'>ἐπεὶ</span> <span class='ocrx_word' id='word_1_18' title='bbox 1782 671 2044 752; x_wconf 87' lang='grc' dir='ltr'>μεμάαςί</span> <span class='ocrx_word' id='word_1_19' title='bbox 2087 692 2159 749; x_wconf 93' lang='grc' dir='ltr'>γε</span> <span class='ocrx_word' id='word_1_20' title='bbox 2204 672 2455 738; x_wconf 89' lang='grc' dir='ltr'>πολλοί.</span> 
     </span>
     <span class='ocr_line' id='line_1_4' title="bbox 639 771 2401 856; baseline 0.001 -19"><span class='ocrx_word' id='word_1_21' title='bbox 639 774 721 852; x_wconf 88' lang='grc' dir='ltr'>μὴ</span> <span class='ocrx_word' id='word_1_22' title='bbox 768 773 838 837; x_wconf 79' lang='grc' dir='ltr'>δὲ</span> <span class='ocrx_word' id='word_1_23' title='bbox 884 771 955 836; x_wconf 90' lang='grc' dir='ltr'>ςύ</span> <span class='ocrx_word' id='word_1_24' title='bbox 998 773 1056 848; x_wconf 85' lang='grc' dir='ltr'>γ’</span> <span class='ocrx_word' id='word_1_25' title='bbox 1100 771 1435 851; x_wconf 87' lang='grc' dir='ltr'>αἰδόμενος</span> <span class='ocrx_word' id='word_1_26' title='bbox 1480 778 1613 856; x_wconf 82' lang='grc' dir='ltr'>ςῇςι</span> <span class='ocrx_word' id='word_1_27' title='bbox 1654 774 1841 854; x_wconf 87' lang='grc' dir='ltr'>φρεςὶ</span> <span class='ocrx_word' id='word_1_28' title='bbox 1882 773 2000 839; x_wconf 88' lang='grc' dir='ltr'>τὸν</span> <span class='ocrx_word' id='word_1_29' title='bbox 2046 774 2160 853; x_wconf 79' lang='grc' dir='ltr'>μὲν</span> <span class='ocrx_word' id='word_1_30' title='bbox 2207 772 2401 853; x_wconf 83' lang='grc' dir='ltr'>ἀρείω</span> 
     </span>
     <span class='ocr_line' id='line_1_5' title="bbox 640 872 2353 959; baseline 0.002 -21"><span class='ocrx_word' id='word_1_31' title='bbox 640 873 1020 957; x_wconf 82' lang='grc' dir='ltr'>καλλείπειν,</span> <span class='ocrx_word' id='word_1_32' title='bbox 1065 874 1138 939; x_wconf 87' lang='grc' dir='ltr'>ςὺ</span> <span class='ocrx_word' id='word_1_33' title='bbox 1181 876 1252 938; x_wconf 81' lang='grc' dir='ltr'>δὲ</span> <span class='ocrx_word' id='word_1_34' title='bbox 1297 872 1535 953; x_wconf 81' lang='grc' dir='ltr'>χείρον’</span> <span class='ocrx_word' id='word_1_35' title='bbox 1579 873 1883 941; x_wconf 86' lang='grc' dir='ltr'>ὀπάςςεαι</span> <span class='ocrx_word' id='word_1_36' title='bbox 1927 874 2099 940; x_wconf 82' lang='grc' dir='ltr'>αἰδοῖ</span> <span class='ocrx_word' id='word_1_37' title='bbox 2143 874 2353 959; x_wconf 84' lang='grc' dir='ltr'>εἴκων,</span> 
     </span>
     <span class='ocr_line' id='line_1_6' title="bbox 641 971 2312 1057; baseline 0.001 -18"><span class='ocrx_word' id='word_1_38' title='bbox 641 974 707 1041; x_wconf 84' lang='grc' dir='ltr'>ἐς</span> <span class='ocrx_word' id='word_1_39' title='bbox 751 977 982 1054; x_wconf 89' lang='grc' dir='ltr'>γενεὴν</span> <span class='ocrx_word' id='word_1_40' title='bbox 1028 974 1266 1057; x_wconf 84' lang='grc' dir='ltr'>ὁρόων,</span> <span class='ocrx_word' id='word_1_41' title='bbox 1312 971 1490 1053; x_wconf 67' lang='grc' dir='ltr'>μηδ’</span> <span class='ocrx_word' id='word_1_42' title='bbox 1539 976 1593 1040; x_wconf 86' lang='grc' dir='ltr'>εἰ</span> <span class='ocrx_word' id='word_1_43' title='bbox 1640 976 2080 1057; x_wconf 88' lang='grc' dir='ltr'>βαςιλεύτερός</span> <span class='ocrx_word' id='word_1_44' title='bbox 2124 977 2312 1042; x_wconf 83' lang='grc' dir='ltr'>ἐςτιν.</span> 
     </span>
    </p>

    <p class='ocr_par' dir='ltr' id='par_1_3' title="bbox 473 1075 2372 1259">
     <span class='ocr_line' id='line_1_7' title="bbox 473 1075 2372 1164; baseline 0.002 -26"><span class='ocrx_word' id='word_1_45' title='bbox 473 1082 596 1139; x_wconf 84' lang='grc'>240</span> <span class='ocrx_word' id='word_1_46' title='bbox 810 1077 898 1140; x_wconf 85' lang='grc' dir='ltr'>ὣς</span> <span class='ocrx_word' id='word_1_47' title='bbox 943 1075 1148 1159; x_wconf 79' lang='grc' dir='ltr'>ἔφατ’,</span> <span class='ocrx_word' id='word_1_48' title='bbox 1193 1075 1432 1142; x_wconf 85' lang='grc' dir='ltr'>ἔδειςεν</span> <span class='ocrx_word' id='word_1_49' title='bbox 1478 1078 1550 1141; x_wconf 79' lang='grc' dir='ltr'>δὲ</span> <span class='ocrx_word' id='word_1_50' title='bbox 1595 1079 1737 1156; x_wconf 87' lang='grc' dir='ltr'>περὶ</span> <span class='ocrx_word' id='word_1_51' title='bbox 1780 1082 1990 1162; x_wconf 82' lang='grc' dir='ltr'>ξανθῷ</span> <span class='ocrx_word' id='word_1_52' title='bbox 2038 1079 2372 1164; x_wconf 87' lang='grc' dir='ltr'>Μενελάῳ.</span> 
     </span>
     <span class='ocr_line' id='line_1_8' title="bbox 638 1176 2321 1259; baseline 0.002 -16"><span class='ocrx_word' id='word_1_53' title='bbox 638 1183 775 1244; x_wconf 84' lang='grc' dir='ltr'>τοῖς</span> <span class='ocrx_word' id='word_1_54' title='bbox 820 1179 877 1243; x_wconf 81' lang='grc' dir='ltr'>δ’</span> <span class='ocrx_word' id='word_1_55' title='bbox 922 1177 1098 1242; x_wconf 89' lang='grc' dir='ltr'>αὖτις</span> <span class='ocrx_word' id='word_1_56' title='bbox 1141 1176 1428 1258; x_wconf 84' lang='grc' dir='ltr'>μετέειπε</span> <span class='ocrx_word' id='word_1_57' title='bbox 1475 1180 1634 1256; x_wconf 87' lang='grc' dir='ltr'>βοὴν</span> <span class='ocrx_word' id='word_1_58' title='bbox 1680 1179 1919 1254; x_wconf 89' lang='grc' dir='ltr'>ἀγαθὸς</span> <span class='ocrx_word' id='word_1_59' title='bbox 1962 1180 2321 1259; x_wconf 89' lang='grc' dir='ltr'>Διομήδης·</span> 
     </span>
    </p>

    <p class='ocr_par' dir='ltr' id='par_1_4' title="bbox 638 1278 2538 1565">
     <span class='ocr_line' id='line_1_9' title="bbox 807 1278 2538 1363; baseline 0.001 -19"><span class='ocrx_word' id='word_1_60' title='bbox 807 1280 861 1344; x_wconf 80' lang='grc' dir='ltr'>εἰ</span> <span class='ocrx_word' id='word_1_61' title='bbox 906 1280 1021 1360; x_wconf 82' lang='grc' dir='ltr'>μὲν</span> <span class='ocrx_word' id='word_1_62' title='bbox 1069 1281 1145 1357; x_wconf 86' lang='grc' dir='ltr'>δὴ</span> <span class='ocrx_word' id='word_1_63' title='bbox 1193 1278 1425 1359; x_wconf 81' lang='grc' dir='ltr'>ἕταρόν</span> <span class='ocrx_word' id='word_1_64' title='bbox 1468 1299 1541 1355; x_wconf 93' lang='grc' dir='ltr'>γε</span> <span class='ocrx_word' id='word_1_65' title='bbox 1587 1280 1878 1345; x_wconf 91' lang='grc' dir='ltr'>κελεύετέ</span> <span class='ocrx_word' id='word_1_66' title='bbox 1922 1281 1982 1360; x_wconf 88' lang='grc' dir='ltr'>μ’</span> <span class='ocrx_word' id='word_1_67' title='bbox 2025 1280 2226 1347; x_wconf 81' lang='grc' dir='ltr'>αὐτὸν</span> <span class='ocrx_word' id='word_1_68' title='bbox 2272 1280 2538 1363; x_wconf 88' lang='grc' dir='ltr'>ἑλέςθαι,</span> 
     </span>
     <span class='ocr_line' id='line_1_10' title="bbox 639 1379 2287 1466; baseline 0.001 -21"><span class='ocrx_word' id='word_1_69' title='bbox 639 1389 776 1447; x_wconf 88' lang='grc' dir='ltr'>πῶς</span> <span class='ocrx_word' id='word_1_70' title='bbox 823 1382 904 1446; x_wconf 87' lang='grc' dir='ltr'>ἂν</span> <span class='ocrx_word' id='word_1_71' title='bbox 949 1379 1143 1445; x_wconf 77' lang='grc' dir='ltr'>ἔπειτ’</span> <span class='ocrx_word' id='word_1_72' title='bbox 1186 1379 1493 1460; x_wconf 84' lang='grc' dir='ltr'>Ὀδυςῆος</span> <span class='ocrx_word' id='word_1_73' title='bbox 1539 1381 1667 1457; x_wconf 83' lang='grc' dir='ltr'>ἐγὼ</span> <span class='ocrx_word' id='word_1_74' title='bbox 1714 1381 1911 1447; x_wconf 87' lang='grc' dir='ltr'>θείοιο</span> <span class='ocrx_word' id='word_1_75' title='bbox 1957 1382 2287 1466; x_wconf 81' lang='grc' dir='ltr'>λαθοίμην,</span> 
     </span>
     <span class='ocr_line' id='line_1_11' title="bbox 638 1480 2392 1565; baseline 0.002 -18"><span class='ocrx_word' id='word_1_76' title='bbox 638 1481 719 1547; x_wconf 82' lang='grc' dir='ltr'>οὗ</span> <span class='ocrx_word' id='word_1_77' title='bbox 763 1484 910 1560; x_wconf 90' lang='grc' dir='ltr'>περὶ</span> <span class='ocrx_word' id='word_1_78' title='bbox 952 1484 1066 1559; x_wconf 77' lang='grc' dir='ltr'>μὲν</span> <span class='ocrx_word' id='word_1_79' title='bbox 1111 1480 1432 1562; x_wconf 87' lang='grc' dir='ltr'>πρόφρων</span> <span class='ocrx_word' id='word_1_80' title='bbox 1478 1482 1699 1564; x_wconf 78' lang='grc' dir='ltr'>κραδίη</span> <span class='ocrx_word' id='word_1_81' title='bbox 1744 1485 1847 1547; x_wconf 86' lang='grc' dir='ltr'>καὶ</span> <span class='ocrx_word' id='word_1_82' title='bbox 1888 1484 2087 1564; x_wconf 85' lang='grc' dir='ltr'>θυμὸς</span> <span class='ocrx_word' id='word_1_83' title='bbox 2129 1483 2392 1565; x_wconf 87' lang='grc' dir='ltr'>ἀγήνωρ</span> 
     </span>
    </p>

    <p class='ocr_par' dir='ltr' id='par_1_5' title="bbox 469 1584 2392 1871">
     <span class='ocr_line' id='line_1_12' title="bbox 469 1584 2392 1667; baseline 0.003 -20"><span class='ocrx_word' id='word_1_84' title='bbox 469 1590 591 1647; x_wconf 87' lang='grc'>245</span> <span class='ocrx_word' id='word_1_85' title='bbox 637 1585 709 1650; x_wconf 82' lang='grc' dir='ltr'>ἐν</span> <span class='ocrx_word' id='word_1_86' title='bbox 755 1584 1050 1651; x_wconf 87' lang='grc' dir='ltr'>πάντεςςι</span> <span class='ocrx_word' id='word_1_87' title='bbox 1095 1585 1376 1667; x_wconf 90' lang='grc' dir='ltr'>πόνοιςι,</span> <span class='ocrx_word' id='word_1_88' title='bbox 1422 1587 1598 1666; x_wconf 84' lang='grc' dir='ltr'>φιλεῖ</span> <span class='ocrx_word' id='word_1_89' title='bbox 1641 1587 1712 1650; x_wconf 84' lang='grc' dir='ltr'>δέ</span> <span class='ocrx_word' id='word_1_90' title='bbox 1756 1585 1788 1649; x_wconf 90' lang='grc' dir='ltr'>ἑ</span> <span class='ocrx_word' id='word_1_91' title='bbox 1830 1586 2099 1651; x_wconf 86' lang='grc' dir='ltr'>Παλλὰς</span> <span class='ocrx_word' id='word_1_92' title='bbox 2144 1587 2392 1666; x_wconf 86' lang='grc' dir='ltr'>Ἀθήνη.</span> 
     </span>
     <span class='ocr_line' id='line_1_13' title="bbox 637 1686 2325 1769; baseline 0.001 -17"><span class='ocrx_word' id='word_1_93' title='bbox 637 1687 877 1752; x_wconf 88' lang='grc' dir='ltr'>τούτου</span> <span class='ocrx_word' id='word_1_94' title='bbox 921 1688 980 1763; x_wconf 80' lang='grc' dir='ltr'>γ’</span> <span class='ocrx_word' id='word_1_95' title='bbox 1024 1686 1406 1767; x_wconf 83' lang='grc' dir='ltr'>ἑςπομένοιο</span> <span class='ocrx_word' id='word_1_96' title='bbox 1450 1687 1550 1751; x_wconf 87' lang='grc' dir='ltr'>καὶ</span> <span class='ocrx_word' id='word_1_97' title='bbox 1597 1687 1666 1752; x_wconf 83' lang='grc' dir='ltr'>ἐκ</span> <span class='ocrx_word' id='word_1_98' title='bbox 1710 1688 1915 1766; x_wconf 86' lang='grc' dir='ltr'>πυρὸς</span> <span class='ocrx_word' id='word_1_99' title='bbox 1958 1686 2325 1769; x_wconf 86' lang='grc' dir='ltr'>αἰθομένοιο</span> 
     </span>
     <span class='ocr_line' id='line_1_14' title="bbox 637 1787 2114 1871; baseline 0 -19"><span class='ocrx_word' id='word_1_100' title='bbox 637 1787 834 1869; x_wconf 87' lang='grc' dir='ltr'>ἄμφω</span> <span class='ocrx_word' id='word_1_101' title='bbox 879 1789 1312 1871; x_wconf 88' lang='grc' dir='ltr'>νοςτήςαιμεν,</span> <span class='ocrx_word' id='word_1_102' title='bbox 1356 1788 1496 1853; x_wconf 83' lang='grc' dir='ltr'>ἐπεὶ</span> <span class='ocrx_word' id='word_1_103' title='bbox 1538 1789 1825 1868; x_wconf 90' lang='grc' dir='ltr'>περίοιδε</span> <span class='ocrx_word' id='word_1_104' title='bbox 1870 1792 2114 1866; x_wconf 87' lang='grc' dir='ltr'>νοῆςαι.</span> 
     </span>
    </p>

    <p class='ocr_par' dir='ltr' id='par_1_6' title="bbox 638 1888 2563 2074">
     <span class='ocr_line' id='line_1_15' title="bbox 804 1888 2563 1968; baseline 0 -12"><span class='ocrx_word' id='word_1_105' title='bbox 804 1892 921 1956; x_wconf 89' lang='grc' dir='ltr'>τὸν</span> <span class='ocrx_word' id='word_1_106' title='bbox 967 1890 1023 1953; x_wconf 83' lang='grc' dir='ltr'>δ’</span> <span class='ocrx_word' id='word_1_107' title='bbox 1067 1888 1216 1954; x_wconf 83' lang='grc' dir='ltr'>αὖτε</span> <span class='ocrx_word' id='word_1_108' title='bbox 1263 1891 1604 1968; x_wconf 86' lang='grc' dir='ltr'>προςέειπε</span> <span class='ocrx_word' id='word_1_109' title='bbox 1650 1890 1974 1956; x_wconf 88' lang='grc' dir='ltr'>πολύτλας</span> <span class='ocrx_word' id='word_1_110' title='bbox 2018 1894 2154 1956; x_wconf 87' lang='grc' dir='ltr'>δῖος</span> <span class='ocrx_word' id='word_1_111' title='bbox 2200 1892 2563 1956; x_wconf 84' lang='grc' dir='ltr'>Ὀδυςςεύς·</span> 
     </span>
     <span class='ocr_line' id='line_1_16' title="bbox 638 1989 2332 2074; baseline 0 -17"><span class='ocrx_word' id='word_1_112' title='bbox 638 1993 938 2073; x_wconf 89' lang='grc' dir='ltr'>Τυδείδη,</span> <span class='ocrx_word' id='word_1_113' title='bbox 982 1992 1121 2071; x_wconf 77' lang='grc' dir='ltr'>μήτ’</span> <span class='ocrx_word' id='word_1_114' title='bbox 1164 1989 1245 2069; x_wconf 88' lang='grc' dir='ltr'>ἄρ</span> <span class='ocrx_word' id='word_1_115' title='bbox 1290 2011 1365 2070; x_wconf 88' lang='grc' dir='ltr'>με</span> <span class='ocrx_word' id='word_1_116' title='bbox 1411 1992 1556 2071; x_wconf 81' lang='grc' dir='ltr'>μάλ’</span> <span class='ocrx_word' id='word_1_117' title='bbox 1599 1990 1772 2057; x_wconf 88' lang='grc' dir='ltr'>αἴνεε</span> <span class='ocrx_word' id='word_1_118' title='bbox 1816 1993 1973 2074; x_wconf 86' lang='grc' dir='ltr'>μήτέ</span> <span class='ocrx_word' id='word_1_119' title='bbox 2015 2013 2073 2057; x_wconf 92' lang='grc' dir='ltr'>τι</span> <span class='ocrx_word' id='word_1_120' title='bbox 2117 1993 2332 2059; x_wconf 89' lang='grc' dir='ltr'>νείκει·</span> 
     </span>
    </p>

    <p class='ocr_par' dir='ltr' id='par_1_7' title="bbox 470 2093 2481 2381">
     <span class='ocr_line' id='line_1_17' title="bbox 470 2093 2289 2174; baseline 0.002 -19"><span class='ocrx_word' id='word_1_121' title='bbox 470 2102 593 2157; x_wconf 89' lang='grc'>250</span> <span class='ocrx_word' id='word_1_122' title='bbox 636 2094 828 2158; x_wconf 86' lang='grc' dir='ltr'>είδόςι</span> <span class='ocrx_word' id='word_1_123' title='bbox 869 2093 992 2171; x_wconf 87' lang='grc' dir='ltr'>γάρ</span> <span class='ocrx_word' id='word_1_124' title='bbox 1035 2113 1135 2157; x_wconf 91' lang='grc' dir='ltr'>τοι</span> <span class='ocrx_word' id='word_1_125' title='bbox 1177 2097 1375 2157; x_wconf 85' lang='grc' dir='ltr'>ταῦτα</span> <span class='ocrx_word' id='word_1_126' title='bbox 1419 2094 1549 2172; x_wconf 79' lang='grc' dir='ltr'>μετ’</span> <span class='ocrx_word' id='word_1_127' title='bbox 1590 2093 1898 2174; x_wconf 73' lang='grc' dir='ltr'>Ἀργείοις</span> <span class='ocrx_word' id='word_1_128' title='bbox 1940 2095 2289 2172; x_wconf 86' lang='grc' dir='ltr'>ἀγορεύεις.</span> 
     </span>
     <span class='ocr_line' id='line_1_18' title="bbox 636 2193 2421 2279; baseline 0.001 -19"><span class='ocrx_word' id='word_1_129' title='bbox 636 2196 777 2260; x_wconf 88' lang='grc' dir='ltr'>ἀλλ’</span> <span class='ocrx_word' id='word_1_130' title='bbox 819 2194 1031 2274; x_wconf 86' lang='grc' dir='ltr'>ἴομεν·</span> <span class='ocrx_word' id='word_1_131' title='bbox 1074 2193 1245 2272; x_wconf 87' lang='grc' dir='ltr'>μάλα</span> <span class='ocrx_word' id='word_1_132' title='bbox 1287 2196 1410 2273; x_wconf 86' lang='grc' dir='ltr'>γὰρ</span> <span class='ocrx_word' id='word_1_133' title='bbox 1456 2195 1569 2261; x_wconf 85' lang='grc' dir='ltr'>νὺξ</span> <span class='ocrx_word' id='word_1_134' title='bbox 1615 2194 1863 2278; x_wconf 83' lang='grc' dir='ltr'>ἄνεται,</span> <span class='ocrx_word' id='word_1_135' title='bbox 1908 2195 2124 2271; x_wconf 84' lang='grc' dir='ltr'>ἐγγύθι</span> <span class='ocrx_word' id='word_1_136' title='bbox 2169 2197 2225 2260; x_wconf 80' lang='grc' dir='ltr'>δ’</span> <span class='ocrx_word' id='word_1_137' title='bbox 2269 2196 2421 2279; x_wconf 85' lang='grc' dir='ltr'>ἠώς,</span> 
     </span>
     <span class='ocr_line' id='line_1_19' title="bbox 637 2296 2481 2381; baseline 0.001 -20"><span class='ocrx_word' id='word_1_138' title='bbox 637 2297 831 2374; x_wconf 85' lang='grc' dir='ltr'>ἄςτρα</span> <span class='ocrx_word' id='word_1_139' title='bbox 873 2298 944 2360; x_wconf 78' lang='grc' dir='ltr'>δὲ</span> <span class='ocrx_word' id='word_1_140' title='bbox 988 2298 1065 2375; x_wconf 89' lang='grc' dir='ltr'>δὴ</span> <span class='ocrx_word' id='word_1_141' title='bbox 1112 2296 1499 2379; x_wconf 84' lang='grc' dir='ltr'>προβέβηκε,</span> <span class='ocrx_word' id='word_1_142' title='bbox 1545 2299 1945 2381; x_wconf 84' lang='grc' dir='ltr'>παρῴχωκεν</span> <span class='ocrx_word' id='word_1_143' title='bbox 1989 2299 2059 2362; x_wconf 78' lang='grc' dir='ltr'>δὲ</span> <span class='ocrx_word' id='word_1_144' title='bbox 2106 2298 2323 2363; x_wconf 83' lang='grc' dir='ltr'>πλέων</span> <span class='ocrx_word' id='word_1_145' title='bbox 2367 2298 2481 2364; x_wconf 85' lang='grc' dir='ltr'>νὺξ</span> 
     </span>
    </p>
   </div>
   <div class='ocr_carea' id='block_1_3' title="bbox 467 2417 866 2431">
    <p class='ocr_par' dir='ltr' id='par_1_8' title="bbox 467 2417 866 2431">
     <span class='ocr_line' id='line_1_20' title="bbox 467 2417 866 2431; baseline 0 2575"><span class='ocrx_word' id='word_1_146' title='bbox 467 2417 866 2431; x_wconf 95' lang='lat' dir='ltr'> </span> 
     </span>
    </p>
   </div>
   <div class='ocr_carea' id='block_1_4' title="bbox 604 2446 2746 2516">
    <p class='ocr_par' dir='ltr' id='par_1_9' title="bbox 604 2446 2746 2516">
     <span class='ocr_line' id='line_1_21' title="bbox 604 2446 2746 2516; baseline 0.001 -16"><span class='ocrx_word' id='word_1_147' title='bbox 604 2448 667 2500; x_wconf 88' lang='lat' dir='ltr'>V.</span> <span class='ocrx_word' id='word_1_148' title='bbox 704 2467 753 2501; x_wconf 73' lang='grc' dir='ltr'>ι..</span> <span class='ocrx_word' id='word_1_149' title='bbox 812 2452 912 2501; x_wconf 85' lang='grc'>235</span> <span class='ocrx_word' id='word_1_150' title='bbox 948 2448 1079 2500; x_wconf 75' lang='grc' dir='ltr'>τὸνε</span> <span class='ocrx_word' id='word_1_151' title='bbox 1119 2451 1240 2499; x_wconf 83' lang='grc' dir='ltr'>τῶν</span> <span class='ocrx_word' id='word_1_152' title='bbox 1275 2446 1366 2500; x_wconf 86' lang='lat' dir='ltr'>HS</span> <span class='ocrx_word' id='word_1_153' title='bbox 1404 2446 1558 2501; x_wconf 77' lang='lat' dir='ltr'>Cant.</span> <span class='ocrx_word' id='word_1_154' title='bbox 1596 2463 1682 2516; x_wconf 91' lang='grc' dir='ltr'>γρ.</span> <span class='ocrx_word' id='word_1_155' title='bbox 1718 2452 1840 2500; x_wconf 87' lang='grc' dir='ltr'>τῶν</span> <span class='ocrx_word' id='word_1_156' title='bbox 1866 2446 1907 2501; x_wconf 89' lang='lat' dir='ltr'>C</span> <span class='ocrx_word' id='word_1_157' title='bbox 1942 2463 2089 2501; x_wconf 78' lang='lat' dir='ltr'><strong>man.</strong></span> <span class='ocrx_word' id='word_1_158' title='bbox 2127 2465 2234 2508; x_wconf 86' lang='lat' dir='ltr'><strong>rcc.</strong></span> <span class='ocrx_word' id='word_1_159' title='bbox 2272 2452 2338 2487; x_wconf 85' lang='lat'>..:.</span> <span class='ocrx_word' id='word_1_160' title='bbox 2373 2454 2472 2502; x_wconf 86' lang='grc'>236</span> <span class='ocrx_word' id='word_1_161' title='bbox 2508 2465 2572 2514; x_wconf 89' lang='grc' dir='ltr'>γε</span> <span class='ocrx_word' id='word_1_162' title='bbox 2609 2450 2746 2503; x_wconf 90' lang='grc' dir='ltr'>πάν-</span> 
     </span>
    </p>
   </div>
   <div class='ocr_carea' id='block_1_5' title="bbox 464 2529 2746 3046">
    <p class='ocr_par' dir='ltr' id='par_1_10' title="bbox 464 2529 2746 3046">
     <span class='ocr_line' id='line_1_22' title="bbox 1876 2529 1905 2566; baseline 0 0"><span class='ocrx_word' id='word_1_163' title='bbox 1876 2529 1905 2566; x_wconf 88' lang='grc' dir='ltr'>ς</span> 
     </span>
     <span class='ocr_line' id='line_1_23' title="bbox 465 2564 2746 2632; baseline -0 -9"><span class='ocrx_word' id='word_1_164' title='bbox 465 2586 559 2623; x_wconf 87' lang='grc' dir='ltr'>τες</span> <span class='ocrx_word' id='word_1_165' title='bbox 599 2567 665 2621; x_wconf 88' lang='lat' dir='ltr'>H.</span> <span class='ocrx_word' id='word_1_166' title='bbox 702 2598 763 2608; x_wconf 91' lang='lat'>—</span> <span class='ocrx_word' id='word_1_167' title='bbox 804 2572 902 2622; x_wconf 87' lang='grc'>237</span> <span class='ocrx_word' id='word_1_168' title='bbox 939 2568 1013 2632; x_wconf 83' lang='grc' dir='ltr'>μὴ</span> <span class='ocrx_word' id='word_1_169' title='bbox 1059 2566 1119 2619; x_wconf 81' lang='grc' dir='ltr'>δὲ</span> <span class='ocrx_word' id='word_1_170' title='bbox 1153 2564 1468 2622; x_wconf 84' lang='lat' dir='ltr'><strong>ACDGHL.</strong></span> <span class='ocrx_word' id='word_1_171' title='bbox 1513 2596 1579 2604; x_wconf 91' lang='lat'>—</span> <span class='ocrx_word' id='word_1_172' title='bbox 1625 2571 1723 2620; x_wconf 84' lang='grc'>238</span> <span class='ocrx_word' id='word_1_173' title='bbox 1759 2568 1990 2622; x_wconf 84' lang='grc' dir='ltr'>ὀπάζεαι</span> <span class='ocrx_word' id='word_1_174' title='bbox 2027 2566 2105 2630; x_wconf 92' lang='lat' dir='ltr'>H,</span> <span class='ocrx_word' id='word_1_175' title='bbox 2141 2584 2168 2622; x_wconf 91' lang='grc' dir='ltr'>ς</span> <span class='ocrx_word' id='word_1_176' title='bbox 2204 2584 2354 2624; x_wconf 83' lang='lat' dir='ltr'><strong>man.</strong></span> <span class='ocrx_word' id='word_1_177' title='bbox 2400 2584 2509 2621; x_wconf 84' lang='lat' dir='ltr'><strong>rec.</strong></span> <span class='ocrx_word' id='word_1_178' title='bbox 2544 2598 2610 2608; x_wconf 89' lang='lat'><strong>—</strong></span> <span class='ocrx_word' id='word_1_179' title='bbox 2646 2574 2746 2622; x_wconf 83' lang='grc'>239</span> 
     </span>
     <span class='ocr_line' id='line_1_24' title="bbox 467 2632 2745 2704; baseline 0 -15"><span class='ocrx_word' id='word_1_180' title='bbox 467 2640 541 2702; x_wconf 82' lang='grc' dir='ltr'>μὴ</span> <span class='ocrx_word' id='word_1_181' title='bbox 579 2638 629 2689; x_wconf 89' lang='grc' dir='ltr'>δ’</span> <span class='ocrx_word' id='word_1_182' title='bbox 666 2632 926 2689; x_wconf 87' lang='lat' dir='ltr'><strong>CDGHL.</strong></span> <span class='ocrx_word' id='word_1_183' title='bbox 965 2635 1357 2699; x_wconf 88' lang='grc' dir='ltr'>βαςιλεύτατός</span> <span class='ocrx_word' id='word_1_184' title='bbox 1393 2632 1444 2686; x_wconf 91' lang='grc' dir='ltr'>Η</span> <span class='ocrx_word' id='word_1_185' title='bbox 1481 2632 1621 2690; x_wconf 87' lang='lat' dir='ltr'><strong>Mor.</strong></span> <span class='ocrx_word' id='word_1_186' title='bbox 1657 2634 1880 2692; x_wconf 86' lang='lat' dir='ltr'><strong>Barocc.</strong></span> <span class='ocrx_word' id='word_1_187' title='bbox 1919 2637 2092 2689; x_wconf 74' lang='grc' dir='ltr'>ἐςτινε</span> <span class='ocrx_word' id='word_1_188' title='bbox 2132 2636 2217 2704; x_wconf 85' lang='grc' dir='ltr'>εἴη</span> <span class='ocrx_word' id='word_1_189' title='bbox 2244 2634 2301 2690; x_wconf 86' lang='lat' dir='ltr'>L.</span> <span class='ocrx_word' id='word_1_190' title='bbox 2339 2667 2404 2675; x_wconf 95' lang='lat'>—</span> <span class='ocrx_word' id='word_1_191' title='bbox 2439 2642 2539 2690; x_wconf 84' lang='grc'>240</span> <span class='ocrx_word' id='word_1_192' title='bbox 2576 2638 2655 2689; x_wconf 85' lang='grc' dir='ltr'>ὡς</span> <span class='ocrx_word' id='word_1_193' title='bbox 2682 2636 2745 2689; x_wconf 85' lang='grc' dir='ltr'>Α.</span> 
     </span>
     <span class='ocr_line' id='line_1_25' title="bbox 464 2701 2745 2769; baseline -0 -10"><span class='ocrx_word' id='word_1_194' title='bbox 464 2707 668 2759; x_wconf 78' lang='grc' dir='ltr'>ἔδδειςε</span> <span class='ocrx_word' id='word_1_195' title='bbox 704 2702 748 2756; x_wconf 86' lang='grc' dir='ltr'><strong>Ε</strong></span> <span class='ocrx_word' id='word_1_196' title='bbox 785 2703 886 2755; x_wconf 87' lang='lat' dir='ltr'><strong>bis.</strong></span> <span class='ocrx_word' id='word_1_197' title='bbox 925 2730 990 2741; x_wconf 73' lang='lat'>-</span> <span class='ocrx_word' id='word_1_198' title='bbox 1026 2707 1124 2755; x_wconf 89' lang='grc'>241</span> <span class='ocrx_word' id='word_1_199' title='bbox 1161 2707 1302 2756; x_wconf 88' lang='grc' dir='ltr'>τοῖςι</span> <span class='ocrx_word' id='word_1_200' title='bbox 1337 2704 1387 2755; x_wconf 88' lang='grc' dir='ltr'>δ’</span> <span class='ocrx_word' id='word_1_201' title='bbox 1422 2701 1491 2756; x_wconf 93' lang='lat' dir='ltr'>D.</span> <span class='ocrx_word' id='word_1_202' title='bbox 1527 2702 1683 2756; x_wconf 87' lang='grc' dir='ltr'>αὖθις</span> <span class='ocrx_word' id='word_1_203' title='bbox 1723 2703 1778 2756; x_wconf 83' lang='lat' dir='ltr'>C.</span> <span class='ocrx_word' id='word_1_204' title='bbox 1817 2704 2114 2769; x_wconf 85' lang='grc' dir='ltr'>προςέειπε</span> <span class='ocrx_word' id='word_1_205' title='bbox 2138 2702 2197 2759; x_wconf 91' lang='lat' dir='ltr'>L.</span> <span class='ocrx_word' id='word_1_206' title='bbox 2235 2734 2297 2742; x_wconf 90' lang='lat'>-—</span> <span class='ocrx_word' id='word_1_207' title='bbox 2332 2709 2432 2757; x_wconf 86' lang='grc'>242</span> <span class='ocrx_word' id='word_1_208' title='bbox 2457 2705 2545 2768; x_wconf 84' lang='grc' dir='ltr'>ἔμ’</span> <span class='ocrx_word' id='word_1_209' title='bbox 2566 2705 2745 2758; x_wconf 84' lang='grc' dir='ltr'>αὐτὸν</span> 
     </span>
     <span class='ocr_line' id='line_1_26' title="bbox 465 2769 2746 2838; baseline 0 -12"><span class='ocrx_word' id='word_1_210' title='bbox 465 2771 699 2836; x_wconf 70' lang='lat' dir='ltr'><strong>Townl„</strong></span> <span class='ocrx_word' id='word_1_211' title='bbox 736 2769 909 2825; x_wconf 70' lang='lat' dir='ltr'><strong>cet-eri</strong></span> <span class='ocrx_word' id='word_1_212' title='bbox 955 2769 1219 2824; x_wconf 83' lang='grc' dir='ltr'>κελεύετέ</span> <span class='ocrx_word' id='word_1_213' title='bbox 1264 2772 1318 2834; x_wconf 86' lang='grc' dir='ltr'>μ’</span> <span class='ocrx_word' id='word_1_214' title='bbox 1352 2770 1530 2824; x_wconf 88' lang='grc' dir='ltr'>αὐτὸν</span> <span class='ocrx_word' id='word_1_215' title='bbox 1576 2787 1703 2823; x_wconf 86' lang='lat' dir='ltr'>cum</span> <span class='ocrx_word' id='word_1_216' title='bbox 1740 2770 2002 2838; x_wconf 83' lang='lat' dir='ltr'><strong>Apollon.</strong></span> <span class='ocrx_word' id='word_1_217' title='bbox 2043 2771 2112 2824; x_wconf 82' lang='lat' dir='ltr'>de</span> <span class='ocrx_word' id='word_1_218' title='bbox 2149 2770 2312 2824; x_wconf 88' lang='lat' dir='ltr'>Pron.</span> <span class='ocrx_word' id='word_1_219' title='bbox 2350 2777 2414 2824; x_wconf 88' lang='grc'>57</span> <span class='ocrx_word' id='word_1_220' title='bbox 2452 2771 2508 2824; x_wconf 92' lang='lat' dir='ltr'>C.</span> <span class='ocrx_word' id='word_1_221' title='bbox 2547 2801 2612 2810; x_wconf 89' lang='lat'><em>-</em></span> <span class='ocrx_word' id='word_1_222' title='bbox 2647 2777 2746 2826; x_wconf 83' lang='grc'>243</span> 
     </span>
     <span class='ocr_line' id='line_1_27' title="bbox 465 2836 2745 2906; baseline -0 -12"><span class='ocrx_word' id='word_1_223' title='bbox 465 2843 729 2906; x_wconf 81' lang='grc' dir='ltr'>ὀδυςςῆο(</span> <span class='ocrx_word' id='word_1_224' title='bbox 774 2837 944 2891; x_wconf 82' lang='lat' dir='ltr'><strong>DGH.</strong></span> <span class='ocrx_word' id='word_1_225' title='bbox 990 2866 1052 2875; x_wconf 88' lang='lat'>—·</span> <span class='ocrx_word' id='word_1_226' title='bbox 1109 2842 1209 2889; x_wconf 87' lang='grc'>244</span> <span class='ocrx_word' id='word_1_227' title='bbox 1244 2840 1372 2904; x_wconf 78' lang='grc' dir='ltr'>περὶ</span> <span class='ocrx_word' id='word_1_228' title='bbox 1416 2836 1561 2894; x_wconf 83' lang='lat' dir='ltr'>ACD</span> <span class='ocrx_word' id='word_1_229' title='bbox 1609 2837 1789 2892; x_wconf 87' lang='lat' dir='ltr'><strong>Schol.</strong></span> <span class='ocrx_word' id='word_1_230' title='bbox 1839 2839 1879 2892; x_wconf 91' lang='grc' dir='ltr'>Β</span> <span class='ocrx_word' id='word_1_231' title='bbox 1924 2845 2051 2892; x_wconf 85' lang='lat'>831:</span> <span class='ocrx_word' id='word_1_232' title='bbox 2099 2841 2223 2905; x_wconf 90' lang='grc' dir='ltr'>πέρι</span> <span class='ocrx_word' id='word_1_233' title='bbox 2268 2838 2480 2896; x_wconf 84' lang='lat' dir='ltr'>EGHL.</span> <span class='ocrx_word' id='word_1_234' title='bbox 2538 2840 2638 2904; x_wconf 82' lang='grc' dir='ltr'>μέν</span> <span class='ocrx_word' id='word_1_235' title='bbox 2681 2855 2745 2904; x_wconf 89' lang='grc' dir='ltr'>γε</span> 
     </span>
     <span class='ocr_line' id='line_1_28' title="bbox 466 2904 2745 2976; baseline -0.001 -13"><span class='ocrx_word' id='word_1_236' title='bbox 466 2909 747 2976; x_wconf 85' lang='grc' dir='ltr'>πρόφρων</span> <span class='ocrx_word' id='word_1_237' title='bbox 785 2904 848 2964; x_wconf 80' lang='lat' dir='ltr'>G.</span> <span class='ocrx_word' id='word_1_238' title='bbox 886 2941 951 2949; x_wconf 90' lang='lat'>-</span> <span class='ocrx_word' id='word_1_239' title='bbox 987 2909 1087 2957; x_wconf 88' lang='grc'>246</span> <span class='ocrx_word' id='word_1_240' title='bbox 1123 2908 1283 2960; x_wconf 77' lang='grc' dir='ltr'>τοῦδ’</span> <span class='ocrx_word' id='word_1_241' title='bbox 1317 2904 1366 2958; x_wconf 82' lang='lat' dir='ltr'>G</span> <span class='ocrx_word' id='word_1_242' title='bbox 1407 2913 1450 2960; x_wconf 83' lang='lat'>1.</span> <span class='ocrx_word' id='word_1_243' title='bbox 1485 2922 1635 2958; x_wconf 75' lang='lat' dir='ltr'><strong>man.</strong></span> <span class='ocrx_word' id='word_1_244' title='bbox 1674 2907 1884 2960; x_wconf 88' lang='grc' dir='ltr'>τούτου</span> <span class='ocrx_word' id='word_1_245' title='bbox 1921 2912 1971 2958; x_wconf 90' lang='grc'>2.</span> <span class='ocrx_word' id='word_1_246' title='bbox 2018 2923 2162 2959; x_wconf 77' lang='lat' dir='ltr'><strong>man.</strong></span> <span class='ocrx_word' id='word_1_247' title='bbox 2202 2906 2402 2960; x_wconf 83' lang='lat' dir='ltr'><strong>omisso</strong></span> <span class='ocrx_word' id='word_1_248' title='bbox 2437 2911 2505 2969; x_wconf 83' lang='grc' dir='ltr'>γ’.</span> <span class='ocrx_word' id='word_1_249' title='bbox 2545 2935 2611 2945; x_wconf 93' lang='grc'>-</span> <span class='ocrx_word' id='word_1_250' title='bbox 2646 2913 2745 2960; x_wconf 87' lang='grc'>247</span> 
     </span>
     <span class='ocr_line' id='line_1_29' title="bbox 465 2971 2746 3046; baseline -0.002 -16"><span class='ocrx_word' id='word_1_251' title='bbox 465 2977 711 3044; x_wconf 87' lang='grc' dir='ltr'>περίοιδε</span> <span class='ocrx_word' id='word_1_252' title='bbox 747 2976 812 3030; x_wconf 89' lang='lat' dir='ltr'>A.</span> <span class='ocrx_word' id='word_1_253' title='bbox 852 2973 1094 3041; x_wconf 89' lang='grc' dir='ltr'>περίειδε</span> <span class='ocrx_word' id='word_1_254' title='bbox 1131 2971 1197 3027; x_wconf 82' lang='lat' dir='ltr'>G.</span> <span class='ocrx_word' id='word_1_255' title='bbox 1235 3003 1295 3013; x_wconf 85' lang='lat'>—</span> <span class='ocrx_word' id='word_1_256' title='bbox 1334 2979 1434 3027; x_wconf 86' lang='grc'>249</span> <span class='ocrx_word' id='word_1_257' title='bbox 1471 2975 1544 3039; x_wconf 88' lang='grc' dir='ltr'>μή</span> <span class='ocrx_word' id='word_1_258' title='bbox 1583 2975 1688 3041; x_wconf 87' lang='grc' dir='ltr'>τάρ</span> <span class='ocrx_word' id='word_1_259' title='bbox 1726 2991 1791 3038; x_wconf 89' lang='grc' dir='ltr'>με</span> <span class='ocrx_word' id='word_1_260' title='bbox 1829 2972 1894 3046; x_wconf 69' lang='lat' dir='ltr'>I).</span> <span class='ocrx_word' id='word_1_261' title='bbox 1931 2975 2111 3028; x_wconf 82' lang='grc' dir='ltr'>αῖνεαι</span> <span class='ocrx_word' id='word_1_262' title='bbox 2150 2973 2214 3028; x_wconf 93' lang='lat' dir='ltr'>D.</span> <span class='ocrx_word' id='word_1_263' title='bbox 2253 2975 2391 3041; x_wconf 88' lang='grc' dir='ltr'>μήτέ</span> <span class='ocrx_word' id='word_1_264' title='bbox 2425 2991 2477 3027; x_wconf 91' lang='grc' dir='ltr'>τι</span> <span class='ocrx_word' id='word_1_265' title='bbox 2502 2972 2746 3027; x_wconf 86' lang='lat' dir='ltr'><strong>ACDHL</strong></span> 
     </span>
    </p>
   </div>
   <div class='ocr_carea' id='block_1_6' title="bbox 459 3046 2749 3820">
    <p class='ocr_par' dir='ltr' id='par_1_11' title="bbox 459 3046 2749 3820">
     <span class='ocr_line' id='line_1_30' title="bbox 463 3046 2746 3147; baseline -0.001 -16"><span class='ocrx_word' id='word_1_266' title='bbox 463 3046 650 3147; x_wconf 55' lang='lat' dir='ltr'><strong>Affofi.</strong></span> <span class='ocrx_word' id='word_1_267' title='bbox 691 3075 761 3129; x_wconf 85' lang='lat' dir='ltr'>de</span> <span class='ocrx_word' id='word_1_268' title='bbox 801 3071 958 3141; x_wconf 78' lang='lat' dir='ltr'><strong>Synt.</strong></span> <span class='ocrx_word' id='word_1_269' title='bbox 994 3078 1110 3138; x_wconf 86' lang='grc'>296,</span> <span class='ocrx_word' id='word_1_270' title='bbox 1153 3080 1229 3131; x_wconf 90' lang='grc'>16.</span> <span class='ocrx_word' id='word_1_271' title='bbox 1269 3072 1449 3127; x_wconf 80' lang='lat' dir='ltr'><strong>Schol.</strong></span> <span class='ocrx_word' id='word_1_272' title='bbox 1488 3075 1532 3126; x_wconf 90' lang='grc' dir='ltr'>Θ</span> <span class='ocrx_word' id='word_1_273' title='bbox 1559 3081 1606 3127; x_wconf 88' lang='grc'>4.</span> <span class='ocrx_word' id='word_1_274' title='bbox 1645 3076 1718 3140; x_wconf 88' lang='grc' dir='ltr'>μή</span> <span class='ocrx_word' id='word_1_275' title='bbox 1756 3091 1820 3128; x_wconf 85' lang='grc' dir='ltr'>τε</span> <span class='ocrx_word' id='word_1_276' title='bbox 1856 3091 1919 3138; x_wconf 92' lang='grc' dir='ltr'>γε</span> <span class='ocrx_word' id='word_1_277' title='bbox 1957 3076 2125 3129; x_wconf 84' lang='grc' dir='ltr'>νείκει</span> <span class='ocrx_word' id='word_1_278' title='bbox 2155 3075 2221 3132; x_wconf 79' lang='lat' dir='ltr'>G.</span> <span class='ocrx_word' id='word_1_279' title='bbox 2260 3106 2324 3114; x_wconf 90' lang='lat'>—</span> <span class='ocrx_word' id='word_1_280' title='bbox 2360 3081 2460 3129; x_wconf 87' lang='grc'>250</span> <span class='ocrx_word' id='word_1_281' title='bbox 2497 3078 2602 3142; x_wconf 88' lang='grc' dir='ltr'>γὰρ</span> <span class='ocrx_word' id='word_1_282' title='bbox 2636 3093 2746 3130; x_wconf 91' lang='grc' dir='ltr'>τοι-</span> 
     </span>
     <span class='ocr_line' id='line_1_31' title="bbox 464 3139 2748 3212; baseline -0.002 -12"><span class='ocrx_word' id='word_1_283' title='bbox 464 3152 609 3200; x_wconf 83' lang='grc' dir='ltr'>αῦτα</span> <span class='ocrx_word' id='word_1_284' title='bbox 652 3144 719 3197; x_wconf 89' lang='grc' dir='ltr'>Η.</span> <span class='ocrx_word' id='word_1_285' title='bbox 767 3143 1054 3209; x_wconf 86' lang='grc' dir='ltr'>ἀγορεύοις</span> <span class='ocrx_word' id='word_1_286' title='bbox 1099 3139 1167 3197; x_wconf 90' lang='lat' dir='ltr'>H.</span> <span class='ocrx_word' id='word_1_287' title='bbox 1212 3169 1276 3179; x_wconf 89' lang='lat'>—</span> <span class='ocrx_word' id='word_1_288' title='bbox 1320 3147 1418 3194; x_wconf 88' lang='grc'>251</span> <span class='ocrx_word' id='word_1_289' title='bbox 1466 3142 1655 3207; x_wconf 77' lang='grc' dir='ltr'>εῐομεν</span> <span class='ocrx_word' id='word_1_290' title='bbox 1702 3141 1765 3194; x_wconf 90' lang='lat' dir='ltr'>G.</span> <span class='ocrx_word' id='word_1_291' title='bbox 1813 3143 2012 3197; x_wconf 73' lang='grc' dir='ltr'>ἄνυται</span> <span class='ocrx_word' id='word_1_292' title='bbox 2049 3144 2114 3195; x_wconf 76' lang='lat' dir='ltr'>G.</span> <span class='ocrx_word' id='word_1_293' title='bbox 2161 3174 2227 3181; x_wconf 92' lang='lat'>-—</span> <span class='ocrx_word' id='word_1_294' title='bbox 2271 3150 2369 3198; x_wconf 87' lang='grc'>252</span> <span class='ocrx_word' id='word_1_295' title='bbox 2408 3146 2748 3212; x_wconf 80' lang='grc' dir='ltr'>παρῲχηκεν</span> 
     </span>
     <span class='ocr_line' id='line_1_32' title="bbox 462 3206 2744 3277; baseline -0 -12"><span class='ocrx_word' id='word_1_296' title='bbox 462 3211 658 3267; x_wconf 82' lang='grc' dir='ltr'><strong>ΑΟΕΗ</strong></span> <span class='ocrx_word' id='word_1_297' title='bbox 704 3208 1013 3277; x_wconf 75' lang='lat' dir='ltr'><strong>Hesychius</strong></span> <span class='ocrx_word' id='word_1_298' title='bbox 1057 3206 1114 3274; x_wconf 90' lang='grc' dir='ltr'>Ι,</span> <span class='ocrx_word' id='word_1_299' title='bbox 1152 3213 1266 3262; x_wconf 90' lang='grc'>306.</span> <span class='ocrx_word' id='word_1_300' title='bbox 1314 3208 1494 3261; x_wconf 86' lang='lat' dir='ltr'><strong>Schol.</strong></span> <span class='ocrx_word' id='word_1_301' title='bbox 1539 3225 1575 3262; x_wconf 89' lang='grc' dir='ltr'>α</span> <span class='ocrx_word' id='word_1_302' title='bbox 1611 3214 1694 3265; x_wconf 89' lang='grc'>58.</span> <span class='ocrx_word' id='word_1_303' title='bbox 1742 3208 2072 3265; x_wconf 71' lang='lat' dir='ltr'><strong>Aristoteles</strong></span> <span class='ocrx_word' id='word_1_304' title='bbox 2118 3210 2275 3265; x_wconf 76' lang='lat' dir='ltr'><strong>Post.</strong></span> <span class='ocrx_word' id='word_1_305' title='bbox 2312 3215 2393 3268; x_wconf 86' lang='grc'>25.</span> <span class='ocrx_word' id='word_1_306' title='bbox 2431 3213 2641 3277; x_wconf 72' lang='grc' dir='ltr'>’παρὼχ</span> <span class='ocrx_word' id='word_1_307' title='bbox 2684 3228 2744 3264; x_wconf 87' lang='grc' dir='ltr'>κε</span> 
     </span>
     <span class='ocr_line' id='line_1_33' title="bbox 462 3229 2745 3347; baseline -0.001 -13"><span class='ocrx_word' id='word_1_308' title='bbox 462 3278 611 3334; x_wconf 84' lang='lat' dir='ltr'>DGL</span> <span class='ocrx_word' id='word_1_309' title='bbox 647 3277 827 3333; x_wconf 83' lang='lat' dir='ltr'><strong>Schol.</strong></span> <span class='ocrx_word' id='word_1_310' title='bbox 866 3276 890 3329; x_wconf 94' lang='lat' dir='ltr'>I</span> <span class='ocrx_word' id='word_1_311' title='bbox 928 3283 1008 3329; x_wconf 90' lang='grc'>71.</span> <span class='ocrx_word' id='word_1_312' title='bbox 1055 3274 1231 3328; x_wconf 84' lang='lat' dir='ltr'><strong>Bekk.</strong></span> <span class='ocrx_word' id='word_1_313' title='bbox 1279 3274 1487 3330; x_wconf 85' lang='lat' dir='ltr'><strong>Anecd.</strong></span> <span class='ocrx_word' id='word_1_314' title='bbox 1528 3282 1675 3329; x_wconf 87' lang='grc'>1249.</span> <span class='ocrx_word' id='word_1_315' title='bbox 1725 3279 1905 3331; x_wconf 83' lang='lat' dir='ltr'><strong>Cram.</strong></span> <span class='ocrx_word' id='word_1_316' title='bbox 1950 3277 2131 3347; x_wconf 87' lang='lat' dir='ltr'><strong>Epim.</strong></span> <span class='ocrx_word' id='word_1_317' title='bbox 2169 3285 2285 3343; x_wconf 90' lang='grc'>375,</span> <span class='ocrx_word' id='word_1_318' title='bbox 2326 3285 2401 3330; x_wconf 88' lang='grc'>12.</span> <span class='ocrx_word' id='word_1_319' title='bbox 2447 3264 2612 3332; x_wconf 66' lang='grc' dir='ltr'>Βὴοίῡ.</span> <span class='ocrx_word' id='word_1_320' title='bbox 2643 3229 2745 3333; x_wconf 50' lang='lat' dir='ltr'>Er.</span> 
     </span>
     <span class='ocr_line' id='line_1_34' title="bbox 462 3342 2745 3412; baseline -0.001 -12"><span class='ocrx_word' id='word_1_321' title='bbox 462 3347 560 3412; x_wconf 87' lang='grc' dir='ltr'>ΙΙΙ,</span> <span class='ocrx_word' id='word_1_322' title='bbox 600 3353 713 3410; x_wconf 89' lang='grc'>103,</span> <span class='ocrx_word' id='word_1_323' title='bbox 755 3351 799 3397; x_wconf 94' lang='grc'>1.</span> <span class='ocrx_word' id='word_1_324' title='bbox 846 3345 1039 3398; x_wconf 86' lang='grc' dir='ltr'>πλέων</span> <span class='ocrx_word' id='word_1_325' title='bbox 1083 3342 1179 3395; x_wconf 89' lang='lat' dir='ltr'>DE</span> <span class='ocrx_word' id='word_1_326' title='bbox 1216 3350 1339 3404; x_wconf 88' lang='grc'>802,</span> <span class='ocrx_word' id='word_1_327' title='bbox 1379 3349 1407 3396; x_wconf 92' lang='grc'>7</span> <span class='ocrx_word' id='word_1_328' title='bbox 1459 3342 1507 3396; x_wconf 86' lang='lat' dir='ltr'><strong>G</strong></span> <span class='ocrx_word' id='word_1_329' title='bbox 1543 3349 1592 3398; x_wconf 89' lang='grc'>2.</span> <span class='ocrx_word' id='word_1_330' title='bbox 1639 3361 1787 3398; x_wconf 81' lang='lat' dir='ltr'><strong>man.</strong></span> <span class='ocrx_word' id='word_1_331' title='bbox 1825 3344 1921 3397; x_wconf 83' lang='lat' dir='ltr'>HL</span> <span class='ocrx_word' id='word_1_332' title='bbox 1967 3347 2197 3400; x_wconf 75' lang='lat' dir='ltr'><strong>Aristot.</strong></span> <span class='ocrx_word' id='word_1_333' title='bbox 2240 3345 2398 3402; x_wconf 77' lang='lat' dir='ltr'><strong>Poet.</strong></span> <span class='ocrx_word' id='word_1_334' title='bbox 2435 3351 2516 3399; x_wconf 88' lang='grc'>25.</span> <span class='ocrx_word' id='word_1_335' title='bbox 2562 3345 2745 3399; x_wconf 88' lang='lat' dir='ltr'><strong>Schol.</strong></span> 
     </span>
     <span class='ocr_line' id='line_1_35' title="bbox 463 3409 2749 3493; baseline -0.002 -23"><span class='ocrx_word' id='word_1_336' title='bbox 463 3433 499 3470; x_wconf 89' lang='grc' dir='ltr'>α</span> <span class='ocrx_word' id='word_1_337' title='bbox 535 3420 624 3469; x_wconf 81' lang='lat'>58:</span> <span class='ocrx_word' id='word_1_338' title='bbox 663 3413 822 3467; x_wconf 85' lang='grc' dir='ltr'>πλέω</span> <span class='ocrx_word' id='word_1_339' title='bbox 860 3411 952 3465; x_wconf 91' lang='lat' dir='ltr'>AC</span> <span class='ocrx_word' id='word_1_340' title='bbox 985 3409 1029 3463; x_wconf 88' lang='lat' dir='ltr'>E</span> <span class='ocrx_word' id='word_1_341' title='bbox 1066 3417 1182 3475; x_wconf 88' lang='grc'>802,</span> <span class='ocrx_word' id='word_1_342' title='bbox 1220 3418 1285 3465; x_wconf 91' lang='grc'>20</span> <span class='ocrx_word' id='word_1_343' title='bbox 1321 3410 1369 3465; x_wconf 82' lang='lat' dir='ltr'><strong>G</strong></span> <span class='ocrx_word' id='word_1_344' title='bbox 1411 3417 1454 3464; x_wconf 89' lang='lat'>1.</span> <span class='ocrx_word' id='word_1_345' title='bbox 1489 3427 1637 3466; x_wconf 78' lang='lat' dir='ltr'><strong>man.</strong></span> <span class='ocrx_word' id='word_1_346' title='bbox 1676 3412 1713 3466; x_wconf 87' lang='lat' dir='ltr'>S</span> <span class='ocrx_word' id='word_1_347' title='bbox 1749 3413 1907 3468; x_wconf 70' lang='lat' dir='ltr'><strong>Cant.</strong></span> <span class='ocrx_word' id='word_1_348' title='bbox 1943 3413 2091 3493; x_wconf 79' lang='lat' dir='ltr'><strong>Lips.</strong></span> <span class='ocrx_word' id='word_1_349' title='bbox 2128 3413 2266 3468; x_wconf 89' lang='lat' dir='ltr'><strong>Mor.</strong></span> <span class='ocrx_word' id='word_1_350' title='bbox 2306 3412 2458 3469; x_wconf 74' lang='lat' dir='ltr'><strong>Harl.</strong></span> <span class='ocrx_word' id='word_1_351' title='bbox 2494 3412 2652 3471; x_wconf 76' lang='lat' dir='ltr'>Vrat.</span> <span class='ocrx_word' id='word_1_352' title='bbox 2688 3413 2749 3467; x_wconf 82' lang='lat' dir='ltr'>b.</span> 
     </span>
     <span class='ocr_line' id='line_1_36' title="bbox 466 3477 2745 3566; baseline -0.001 -31"><span class='ocrx_word' id='word_1_353' title='bbox 466 3490 509 3537; x_wconf 87' lang='lat'>1.</span> <span class='ocrx_word' id='word_1_354' title='bbox 545 3496 694 3559; x_wconf 54' lang='lat' dir='ltr'><strong>mun.</strong></span> <span class='ocrx_word' id='word_1_355' title='bbox 730 3478 971 3545; x_wconf 83' lang='lat' dir='ltr'><strong>Hesych.</strong></span> <span class='ocrx_word' id='word_1_356' title='bbox 1010 3477 1108 3543; x_wconf 87' lang='grc' dir='ltr'>ΙΙΙ,</span> <span class='ocrx_word' id='word_1_357' title='bbox 1145 3484 1259 3533; x_wconf 84' lang='grc'>344.</span> <span class='ocrx_word' id='word_1_358' title='bbox 1296 3477 1477 3532; x_wconf 88' lang='lat' dir='ltr'><strong>Schol.</strong></span> <span class='ocrx_word' id='word_1_359' title='bbox 1517 3479 1539 3531; x_wconf 86' lang='grc' dir='ltr'>Ι</span> <span class='ocrx_word' id='word_1_360' title='bbox 1577 3486 1668 3566; x_wconf 40' lang='grc'>71..</span> <span class='ocrx_word' id='word_1_361' title='bbox 1699 3479 1878 3534; x_wconf 78' lang='lat' dir='ltr'><strong>Grani.</strong></span> <span class='ocrx_word' id='word_1_362' title='bbox 1914 3480 1959 3533; x_wconf 94' lang='lat' dir='ltr'><strong>E</strong></span> <span class='ocrx_word' id='word_1_363' title='bbox 2001 3498 2095 3534; x_wconf 79' lang='lat' dir='ltr'>im.</span> <span class='ocrx_word' id='word_1_364' title='bbox 2131 3487 2247 3546; x_wconf 88' lang='grc'>375,</span> <span class='ocrx_word' id='word_1_365' title='bbox 2288 3487 2364 3534; x_wconf 87' lang='grc'>12.</span> <span class='ocrx_word' id='word_1_366' title='bbox 2402 3483 2579 3535; x_wconf 86' lang='grc' dir='ltr'>πλέον</span> <span class='ocrx_word' id='word_1_367' title='bbox 2613 3479 2745 3534; x_wconf 91' lang='lat' dir='ltr'><strong>Por-</strong></span> 
     </span>
     <span class='ocr_line' id='line_1_37' title="bbox 459 3544 2745 3695; baseline -0.002 -21"><span class='ocrx_word' id='word_1_368' title='bbox 459 3551 536 3674; x_wconf 69' lang='lat'>{³1¹²</span> <span class='ocrx_word' id='word_1_369' title='bbox 539 3546 950 3683; x_wconf 54' lang='lat' dir='ltr'>fflssssshsssso</span> <span class='ocrx_word' id='word_1_370' title='bbox 958 3544 1037 3669; x_wconf 62' lang='lat'>‘³5</span> <span class='ocrx_word' id='word_1_371' title='bbox 1039 3585 1052 3598; x_wconf 83' lang='lat'><em>‘</em></span> <span class='ocrx_word' id='word_1_372' title='bbox 1072 3545 1348 3681; x_wconf 57' lang='grc' dir='ltr'>γῐέἷίφέῗῖἱ</span> <span class='ocrx_word' id='word_1_373' title='bbox 1379 3548 1976 3695; x_wconf 50' lang='lat' dir='ltr'>kffxffiffzfflzu</span> <span class='ocrx_word' id='word_1_374' title='bbox 2006 3548 2168 3670; x_wconf 59' lang='lat'><strong>2323·</strong></span> <span class='ocrx_word' id='word_1_375' title='bbox 2194 3555 2353 3670; x_wconf 51' lang='lat' dir='ltr'>2¹32?ss</span> <span class='ocrx_word' id='word_1_376' title='bbox 2383 3550 2745 3684; x_wconf 59' lang='grc' dir='ltr'>ἱῖῑέἓνπὲὲων</span> 
     </span>
     <span class='ocr_line' id='line_1_38' title="bbox 461 3683 2746 3752; baseline -0.002 -10"><span class='ocrx_word' id='word_1_377' title='bbox 461 3687 562 3742; x_wconf 86' lang='grc' dir='ltr'>δύο</span> <span class='ocrx_word' id='word_1_378' title='bbox 600 3686 916 3752; x_wconf 85' lang='grc' dir='ltr'>παρῆλθεν,</span> <span class='ocrx_word' id='word_1_379' title='bbox 955 3683 1090 3738; x_wconf 81' lang='grc' dir='ltr'>εἰδὲ</span> <span class='ocrx_word' id='word_1_380' title='bbox 1116 3683 1256 3748; x_wconf 87' lang='grc' dir='ltr'>μετὰ</span> <span class='ocrx_word' id='word_1_381' title='bbox 1279 3687 1383 3736; x_wconf 82' lang='grc' dir='ltr'>τοῦ</span> <span class='ocrx_word' id='word_1_382' title='bbox 1428 3700 1462 3734; x_wconf 90' lang='grc' dir='ltr'>ν</span> <span class='ocrx_word' id='word_1_383' title='bbox 1505 3684 1802 3751; x_wconf 86' lang='grc' dir='ltr'>γράφεται,</span> <span class='ocrx_word' id='word_1_384' title='bbox 1839 3684 1988 3749; x_wconf 86' lang='grc' dir='ltr'>λέγει</span> <span class='ocrx_word' id='word_1_385' title='bbox 2011 3684 2082 3737; x_wconf 84' lang='grc' dir='ltr'>ἂν</span> <span class='ocrx_word' id='word_1_386' title='bbox 2105 3687 2192 3738; x_wconf 89' lang='grc' dir='ltr'>ὅτι</span> <span class='ocrx_word' id='word_1_387' title='bbox 2218 3686 2518 3751; x_wconf 80' lang='grc' dir='ltr'>παρῴχετο</span> <span class='ocrx_word' id='word_1_388' title='bbox 2554 3685 2746 3739; x_wconf 88' lang='grc' dir='ltr'>πλέων</span> 
     </span>
     <span class='ocr_line' id='line_1_39' title="bbox 462 3751 1122 3820; baseline -0.008 -11"><span class='ocrx_word' id='word_1_389' title='bbox 462 3757 562 3809; x_wconf 79' lang='grc' dir='ltr'>νὺξ</span> <span class='ocrx_word' id='word_1_390' title='bbox 597 3757 721 3807; x_wconf 82' lang='grc' dir='ltr'>τῶν</span> <span class='ocrx_word' id='word_1_391' title='bbox 755 3751 856 3805; x_wconf 90' lang='grc' dir='ltr'>δύο</span> <span class='ocrx_word' id='word_1_392' title='bbox 893 3755 1122 3820; x_wconf 83' lang='grc' dir='ltr'>μοιρῶν.</span> 
     </span>
    </p>
   </div>
   <div class='ocr_carea' id='block_1_7' title="bbox 460 3843 570 3853">
    <p class='ocr_par' dir='ltr' id='par_1_12' title="bbox 460 3843 570 3853">
     <span class='ocr_line' id='line_1_40' title="bbox 460 3843 570 3853; baseline 0 -3"><span class='ocrx_word' id='word_1_393' title='bbox 460 3843 570 3853; x_wconf 70' lang='grc'>..-</span> 
     </span>
    </p>
   </div>
   <div class='ocr_carea' id='block_1_8' title="bbox 573 3841 867 3851">
    <p class='ocr_par' dir='ltr' id='par_1_13' title="bbox 573 3841 867 3851">
     <span class='ocr_line' id='line_1_41' title="bbox 573 3841 867 3851; baseline 0 1155"><span class='ocrx_word' id='word_1_394' title='bbox 573 3841 867 3851; x_wconf 95' lang='lat' dir='ltr'> </span> 
     </span>
    </p>
   </div>
   <div class='ocr_carea' id='block_1_9' title="bbox 460 3868 2765 4411">
    <p class='ocr_par' dir='ltr' id='par_1_14' title="bbox 460 3868 2765 4411">
     <span class='ocr_line' id='line_1_42' title="bbox 597 3868 2745 3935; baseline -0.001 -12"><span class='ocrx_word' id='word_1_395' title='bbox 597 3872 664 3925; x_wconf 83' lang='grc' dir='ltr'>Α.</span> <span class='ocrx_word' id='word_1_396' title='bbox 702 3890 749 3923; x_wconf 85' lang='grc' dir='ltr'>ο.</span> <span class='ocrx_word' id='word_1_397' title='bbox 812 3875 913 3922; x_wconf 83' lang='grc'>240</span> <span class='ocrx_word' id='word_1_398' title='bbox 957 3871 1239 3924; x_wconf 80' lang='grc' dir='ltr'>ἀθετεῑται</span> <span class='ocrx_word' id='word_1_399' title='bbox 1285 3868 1735 3922; x_wconf 76' lang='lat' dir='ltr'><strong>Aristonicus.</strong></span> <span class='ocrx_word' id='word_1_400' title='bbox 1795 3870 1927 3924; x_wconf 82' lang='grc' dir='ltr'>οὐδὲ</span> <span class='ocrx_word' id='word_1_401' title='bbox 1969 3870 2032 3922; x_wconf 82' lang='grc' dir='ltr'>ἐν</span> <span class='ocrx_word' id='word_1_402' title='bbox 2075 3875 2146 3935; x_wconf 75' lang='grc' dir='ltr'>τῇ</span> <span class='ocrx_word' id='word_1_403' title='bbox 2191 3868 2520 3935; x_wconf 86' lang='grc' dir='ltr'>Ζηνοδότου</span> <span class='ocrx_word' id='word_1_404' title='bbox 2564 3870 2627 3921; x_wconf 80' lang='grc' dir='ltr'>δὲ</span> <span class='ocrx_word' id='word_1_405' title='bbox 2671 3870 2745 3934; x_wconf 82' lang='grc' dir='ltr'>ἦν</span> 
     </span>
     <span class='ocr_line' id='line_1_43' title="bbox 462 3933 2742 4007; baseline -0.002 -14"><span class='ocrx_word' id='word_1_406' title='bbox 462 3940 808 4007; x_wconf 82' lang='lat' dir='ltr'><strong>Didymus,</strong></span> <span class='ocrx_word' id='word_1_407' title='bbox 853 3966 915 3975; x_wconf 90' lang='lat'>—</span> <span class='ocrx_word' id='word_1_408' title='bbox 961 3943 1060 3990; x_wconf 84' lang='grc'>242</span> <span class='ocrx_word' id='word_1_409' title='bbox 1097 3937 1356 3990; x_wconf 85' lang='grc' dir='ltr'>κελεύετέ</span> <span class='ocrx_word' id='word_1_410' title='bbox 1401 3938 1456 4001; x_wconf 81' lang='grc' dir='ltr'>μ’</span> <span class='ocrx_word' id='word_1_411' title='bbox 1492 3936 1859 4003; x_wconf 74' lang='lat' dir='ltr'><strong>Aristarchus,</strong></span> <span class='ocrx_word' id='word_1_412' title='bbox 1906 3936 2143 3990; x_wconf 63' lang='lat' dir='ltr'><strong>Pssolem.</strong></span> <span class='ocrx_word' id='word_1_413' title='bbox 2182 3933 2532 4001; x_wconf 72' lang='lat' dir='ltr'><strong>Ascalonita,</strong></span> <span class='ocrx_word' id='word_1_414' title='bbox 2568 3934 2742 3990; x_wconf 80' lang='lat' dir='ltr'><strong>Hero-</strong></span> 
     </span>
     <span class='ocr_line' id='line_1_44' title="bbox 462 4002 2742 4069; baseline -0.003 -8"><span class='ocrx_word' id='word_1_415' title='bbox 462 4009 662 4061; x_wconf 82' lang='lat' dir='ltr'><strong>dian&#39;us</strong></span> <span class='ocrx_word' id='word_1_416' title='bbox 695 4005 759 4062; x_wconf 90' lang='lat' dir='ltr'>Il.</span> <span class='ocrx_word' id='word_1_417' title='bbox 795 4004 947 4058; x_wconf 80' lang='lat' dir='ltr'><strong>Pros.</strong></span> <span class='ocrx_word' id='word_1_418' title='bbox 984 4004 1009 4056; x_wconf 90' lang='grc' dir='ltr'><strong>Ι</strong></span> <span class='ocrx_word' id='word_1_419' title='bbox 1046 4010 1171 4058; x_wconf 81' lang='lat'>680:</span> <span class='ocrx_word' id='word_1_420' title='bbox 1223 4005 1474 4058; x_wconf 87' lang='grc' dir='ltr'>κελεύετ’</span> <span class='ocrx_word' id='word_1_421' title='bbox 1519 4005 1605 4069; x_wconf 83' lang='grc' dir='ltr'>ἔμ’</span> <span class='ocrx_word' id='word_1_422' title='bbox 1649 4003 1862 4061; x_wconf 81' lang='lat' dir='ltr'><strong>Alexio,</strong></span> <span class='ocrx_word' id='word_1_423' title='bbox 1913 4035 1972 4044; x_wconf 92' lang='lat'>—</span> <span class='ocrx_word' id='word_1_424' title='bbox 2020 4009 2118 4056; x_wconf 81' lang='grc'>246</span> <span class='ocrx_word' id='word_1_425' title='bbox 2154 4004 2206 4066; x_wconf 83' lang='grc' dir='ltr'>γ’</span> <span class='ocrx_word' id='word_1_426' title='bbox 2252 4003 2584 4068; x_wconf 84' lang='grc' dir='ltr'>ἑςπομένοιο</span> <span class='ocrx_word' id='word_1_427' title='bbox 2618 4002 2742 4055; x_wconf 88' lang='lat' dir='ltr'><strong>Ari-</strong></span> 
     </span>
     <span class='ocr_line' id='line_1_45' title="bbox 461 4070 2742 4137; baseline -0.003 -8"><span class='ocrx_word' id='word_1_428' title='bbox 461 4075 737 4129; x_wconf 68' lang='lat' dir='ltr'><strong>starchus:</strong></span> <span class='ocrx_word' id='word_1_429' title='bbox 775 4089 840 4137; x_wconf 91' lang='grc' dir='ltr'>γε</span> <span class='ocrx_word' id='word_1_430' title='bbox 876 4073 1177 4136; x_wconf 85' lang='grc' dir='ltr'>ςπομένοιο</span> <span class='ocrx_word' id='word_1_431' title='bbox 1211 4071 1447 4128; x_wconf 73' lang='lat' dir='ltr'><strong>Ptolem.</strong></span> <span class='ocrx_word' id='word_1_432' title='bbox 1486 4072 1821 4125; x_wconf 71' lang='lat' dir='ltr'><strong>Ascalonita.</strong></span> <span class='ocrx_word' id='word_1_433' title='bbox 1860 4100 1922 4111; x_wconf 89' lang='lat'>—</span> <span class='ocrx_word' id='word_1_434' title='bbox 1958 4076 2055 4124; x_wconf 79' lang='lat'>247</span> <span class='ocrx_word' id='word_1_435' title='bbox 2095 4088 2167 4124; x_wconf 90' lang='grc' dir='ltr'>πε</span> <span class='ocrx_word' id='word_1_436' title='bbox 2207 4071 2339 4124; x_wconf 89' lang='grc' dir='ltr'>ίοιδε</span> <span class='ocrx_word' id='word_1_437' title='bbox 2364 4070 2742 4128; x_wconf 78' lang='lat' dir='ltr'><strong>Aristarchus:</strong></span> 
     </span>
     <span class='ocr_line' id='line_1_46' title="bbox 461 4136 2743 4208; baseline -0.002 -12"><span class='ocrx_word' id='word_1_438' title='bbox 461 4143 558 4197; x_wconf 63' lang='lat' dir='ltr'>alii</span> <span class='ocrx_word' id='word_1_439' title='bbox 583 4145 711 4208; x_wconf 85' lang='grc' dir='ltr'>περὶ</span> <span class='ocrx_word' id='word_1_440' title='bbox 739 4139 831 4193; x_wconf 81' lang='lat' dir='ltr'>vel</span> <span class='ocrx_word' id='word_1_441' title='bbox 857 4143 983 4207; x_wconf 86' lang='grc' dir='ltr'>πέρι</span> <span class='ocrx_word' id='word_1_442' title='bbox 1008 4142 1144 4195; x_wconf 85' lang='grc' dir='ltr'>οἶδε.</span> <span class='ocrx_word' id='word_1_443' title='bbox 1184 4169 1249 4178; x_wconf 84' lang='lat'>——</span> <span class='ocrx_word' id='word_1_444' title='bbox 1287 4145 1387 4193; x_wconf 86' lang='grc'>252</span> <span class='ocrx_word' id='word_1_445' title='bbox 1423 4140 1749 4206; x_wconf 84' lang='grc' dir='ltr'>ἀρίςταρχος</span> <span class='ocrx_word' id='word_1_446' title='bbox 1775 4140 2148 4206; x_wconf 87' lang='grc' dir='ltr'>παρώιχωκεν</span> <span class='ocrx_word' id='word_1_447' title='bbox 2235 4136 2517 4204; x_wconf 77' lang='lat' dir='ltr'><strong>idymus.</strong></span> <span class='ocrx_word' id='word_1_448' title='bbox 2555 4140 2743 4193; x_wconf 83' lang='grc' dir='ltr'>οὕτως</span> 
     </span>
     <span class='ocr_line' id='line_1_47' title="bbox 462 4206 2743 4275; baseline -0.002 -11"><span class='ocrx_word' id='word_1_449' title='bbox 462 4214 552 4264; x_wconf 78' lang='grc' dir='ltr'>καί</span> <span class='ocrx_word' id='word_1_450' title='bbox 587 4209 891 4275; x_wconf 88' lang='grc' dir='ltr'>Δωρόθεος</span> <span class='ocrx_word' id='word_1_451' title='bbox 930 4209 991 4261; x_wconf 87' lang='grc' dir='ltr'>ἐν</span> <span class='ocrx_word' id='word_1_452' title='bbox 1026 4213 1338 4275; x_wconf 83' lang='grc' dir='ltr'>τριακοςτῷ</span> <span class='ocrx_word' id='word_1_453' title='bbox 1386 4209 1602 4274; x_wconf 84' lang='grc' dir='ltr'>πρώτῳ</span> <span class='ocrx_word' id='word_1_454' title='bbox 1638 4214 1742 4271; x_wconf 85' lang='grc' dir='ltr'>τῆς</span> <span class='ocrx_word' id='word_1_455' title='bbox 1779 4208 2035 4273; x_wconf 86' lang='grc' dir='ltr'>Ἀττικῆς</span> <span class='ocrx_word' id='word_1_456' title='bbox 2071 4208 2276 4261; x_wconf 79' lang='grc' dir='ltr'>λέξεως</span> <span class='ocrx_word' id='word_1_457' title='bbox 2311 4206 2451 4260; x_wconf 81' lang='grc' dir='ltr'>ἀξιοῖ</span> <span class='ocrx_word' id='word_1_458' title='bbox 2484 4207 2743 4273; x_wconf 85' lang='grc' dir='ltr'>γράφειν,</span> 
     </span>
     <span class='ocr_line' id='line_1_48' title="bbox 460 4275 2743 4342; baseline 0 -14"><span class='ocrx_word' id='word_1_459' title='bbox 460 4279 569 4342; x_wconf 81' lang='grc' dir='ltr'>τὴν</span> <span class='ocrx_word' id='word_1_460' title='bbox 615 4278 716 4339; x_wconf 83' lang='grc' dir='ltr'>μὲν</span> <span class='ocrx_word' id='word_1_461' title='bbox 763 4276 1002 4342; x_wconf 87' lang='grc' dir='ltr'>πρώτην</span> <span class='ocrx_word' id='word_1_462' title='bbox 1060 4277 1148 4328; x_wconf 88' lang='grc' dir='ltr'>διὰ</span> <span class='ocrx_word' id='word_1_463' title='bbox 1191 4281 1292 4340; x_wconf 85' lang='grc' dir='ltr'>τῆς</span> <span class='ocrx_word' id='word_1_464' title='bbox 1336 4282 1389 4328; x_wconf 82' lang='grc' dir='ltr'>ὃῑ</span> <span class='ocrx_word' id='word_1_465' title='bbox 1433 4275 1771 4339; x_wconf 88' lang='grc' dir='ltr'>διφθόγγου,</span> <span class='ocrx_word' id='word_1_466' title='bbox 1826 4277 1935 4341; x_wconf 81' lang='grc' dir='ltr'>τὴν</span> <span class='ocrx_word' id='word_1_467' title='bbox 1981 4275 2043 4329; x_wconf 82' lang='grc' dir='ltr'>δὲ</span> <span class='ocrx_word' id='word_1_468' title='bbox 2087 4276 2357 4342; x_wconf 85' lang='grc' dir='ltr'>δευτέραν</span> <span class='ocrx_word' id='word_1_469' title='bbox 2401 4275 2490 4328; x_wconf 87' lang='grc' dir='ltr'>διὰ</span> <span class='ocrx_word' id='word_1_470' title='bbox 2535 4278 2639 4328; x_wconf 82' lang='grc' dir='ltr'>τοῦ</span> <span class='ocrx_word' id='word_1_471' title='bbox 2676 4280 2743 4342; x_wconf 69' lang='grc' dir='ltr'>ὤ,</span> 
     </span>
     <span class='ocr_line' id='line_1_49' title="bbox 466 4342 2765 4411; baseline -0.001 -15"><span class='ocrx_word' id='word_1_472' title='bbox 466 4342 931 4410; x_wconf 76' lang='grc' dir='ltr'>παροίχωκεν,</span> <span class='ocrx_word' id='word_1_473' title='bbox 991 4343 1432 4409; x_wconf 85' lang='grc' dir='ltr'>ἀποτεινόμενος</span> <span class='ocrx_word' id='word_1_474' title='bbox 1481 4343 1665 4397; x_wconf 82' lang='grc' dir='ltr'>πολλὰ</span> <span class='ocrx_word' id='word_1_475' title='bbox 1711 4344 1854 4409; x_wconf 87' lang='grc' dir='ltr'>πρὸς</span> <span class='ocrx_word' id='word_1_476' title='bbox 1898 4343 2276 4411; x_wconf 87' lang='grc' dir='ltr'>Ἀριςτόνικον</span> <span class='ocrx_word' id='word_1_477' title='bbox 2320 4344 2411 4396; x_wconf 82' lang='grc' dir='ltr'>καί</span> <span class='ocrx_word' id='word_1_478' title='bbox 2456 4342 2765 4410; x_wconf 80' lang='grc' dir='ltr'>Τρύφωνα·</span> 
     </span>
    </p>
   </div>
  </div>
 </body>
</html>
