<?xml version="1.0" encoding="UTF-8"?>
<!DOCTYPE html PUBLIC "-//W3C//DTD XHTML 1.0 Transitional//EN"
    "http://www.w3.org/TR/xhtml1/DTD/xhtml1-transitional.dtd">
<html xmlns="http://www.w3.org/1999/xhtml" xml:lang="en" lang="en">
 <head>
  <title>
</title>
<meta http-equiv="Content-Type" content="text/html;charset=utf-8" />
  <meta name='ocr-system' content='tesseract 3.04.00' />
  <meta name='ocr-capabilities' content='ocr_page ocr_carea ocr_par ocr_line ocrx_word'/>
</head>
<body>
  <div class='ocr_page' id='page_1' title='image "./iliasadfidemlib00homegoog_0067.png"; bbox 0 0 3144 5006; ppageno 0'>
   <div class='ocr_carea' id='block_1_1' title="bbox 1330 428 1784 486">
    <p class='ocr_par' dir='ltr' id='par_1_1' title="bbox 1330 428 1784 486">
     <span class='ocr_line' id='line_1_1' title="bbox 1330 428 1784 486; baseline -0.002 -2"><span class='ocrx_word' id='word_1_1' title='bbox 1330 429 1669 486; x_wconf 76' lang='grc' dir='ltr'>ΙΛΙΑΔΟ(</span> <span class='ocrx_word' id='word_1_2' title='bbox 1715 428 1784 483; x_wconf 89' lang='lat'>11.</span> 
     </span>
    </p>
   </div>
   <div class='ocr_carea' id='block_1_2' title="bbox 408 584 2511 3321">
    <p class='ocr_par' dir='ltr' id='par_1_2' title="bbox 408 584 2511 1382">
     <span class='ocr_line' id='line_1_2' title="bbox 582 584 2084 667; baseline -0.003 -13"><span class='ocrx_word' id='word_1_3' title='bbox 582 586 892 667; x_wconf 83' lang='grc' dir='ltr'>ἑξήκοντα</span> <span class='ocrx_word' id='word_1_4' title='bbox 934 589 1130 653; x_wconf 84' lang='grc' dir='ltr'>νεῶν·</span> <span class='ocrx_word' id='word_1_5' title='bbox 1176 584 1494 665; x_wconf 84' lang='grc' dir='ltr'>ἀπάτερθε</span> <span class='ocrx_word' id='word_1_6' title='bbox 1538 586 1612 650; x_wconf 81' lang='grc' dir='ltr'>δὲ</span> <span class='ocrx_word' id='word_1_7' title='bbox 1652 585 2084 664; x_wconf 90' lang='grc' dir='ltr'>θωρήςςοντο.</span> 
     </span>
     <span class='ocr_line' id='line_1_3' title="bbox 586 687 2136 772; baseline -0.001 -18"><span class='ocrx_word' id='word_1_8' title='bbox 586 692 658 755; x_wconf 86' lang='grc' dir='ltr'>ἐν</span> <span class='ocrx_word' id='word_1_9' title='bbox 702 690 759 754; x_wconf 59' lang='grc' dir='ltr'>δ”</span> <span class='ocrx_word' id='word_1_10' title='bbox 802 688 999 755; x_wconf 82' lang='grc' dir='ltr'>αὐτὸς</span> <span class='ocrx_word' id='word_1_11' title='bbox 1043 687 1175 756; x_wconf 85' lang='grc' dir='ltr'>κίεν</span> <span class='ocrx_word' id='word_1_12' title='bbox 1217 689 1317 771; x_wconf 80' lang='grc' dir='ltr'>ᾗςι</span> <span class='ocrx_word' id='word_1_13' title='bbox 1358 688 1734 772; x_wconf 75' lang='grc' dir='ltr'>προθυμίῃςι</span> <span class='ocrx_word' id='word_1_14' title='bbox 1778 688 2136 762; x_wconf 87' lang='grc' dir='ltr'>πεποιθώς,</span> 
     </span>
     <span class='ocr_line' id='line_1_4' title="bbox 587 787 2197 871; baseline -0.002 -14"><span class='ocrx_word' id='word_1_15' title='bbox 587 792 882 871; x_wconf 86' lang='grc' dir='ltr'>ὀτρύνων</span> <span class='ocrx_word' id='word_1_16' title='bbox 927 787 1213 871; x_wconf 77' lang='grc' dir='ltr'>πόλεμον</span> <span class='ocrx_word' id='word_1_17' title='bbox 1256 790 1358 855; x_wconf 86' lang='grc' dir='ltr'>δέ·</span> <span class='ocrx_word' id='word_1_18' title='bbox 1416 789 1678 871; x_wconf 85' lang='grc' dir='ltr'>μάλιςτα</span> <span class='ocrx_word' id='word_1_19' title='bbox 1721 791 1792 856; x_wconf 78' lang='grc' dir='ltr'>δὲ</span> <span class='ocrx_word' id='word_1_20' title='bbox 1834 789 1973 855; x_wconf 82' lang='grc' dir='ltr'>ἵετο</span> <span class='ocrx_word' id='word_1_21' title='bbox 2018 793 2197 871; x_wconf 83' lang='grc' dir='ltr'>θυμῷ</span> 
     </span>
     <span class='ocr_line' id='line_1_5' title="bbox 408 890 2137 973; baseline -0.002 -15"><span class='ocrx_word' id='word_1_22' title='bbox 408 900 543 959; x_wconf 83' lang='grc'><strong>590</strong></span> <span class='ocrx_word' id='word_1_23' title='bbox 583 892 859 960; x_wconf 87' lang='grc' dir='ltr'>τίςαςθαι</span> <span class='ocrx_word' id='word_1_24' title='bbox 901 893 1159 973; x_wconf 84' lang='grc' dir='ltr'>Ἑλένης</span> <span class='ocrx_word' id='word_1_25' title='bbox 1203 892 1538 973; x_wconf 82' lang='grc' dir='ltr'>ὁρμήματά</span> <span class='ocrx_word' id='word_1_26' title='bbox 1580 912 1650 958; x_wconf 92' lang='grc' dir='ltr'>τε</span> <span class='ocrx_word' id='word_1_27' title='bbox 1695 890 2011 971; x_wconf 87' lang='grc' dir='ltr'>ςτοναχάς</span> <span class='ocrx_word' id='word_1_28' title='bbox 2050 910 2137 956; x_wconf 89' lang='grc' dir='ltr'>τε.</span> 
     </span>
     <span class='ocr_line' id='line_1_6' title="bbox 756 992 2511 1075; baseline -0.003 -13"><span class='ocrx_word' id='word_1_29' title='bbox 756 996 829 1062; x_wconf 68' lang='grc' dir='ltr'>οἳ</span> <span class='ocrx_word' id='word_1_30' title='bbox 865 997 939 1061; x_wconf 77' lang='grc' dir='ltr'>δὲ</span> <span class='ocrx_word' id='word_1_31' title='bbox 980 996 1209 1062; x_wconf 83' lang='grc' dir='ltr'>Πύλον</span> <span class='ocrx_word' id='word_1_32' title='bbox 1254 995 1320 1060; x_wconf 89' lang='grc' dir='ltr'>τ’</span> <span class='ocrx_word' id='word_1_33' title='bbox 1361 994 1674 1073; x_wconf 79' lang='grc' dir='ltr'>ἐνέμοντο</span> <span class='ocrx_word' id='word_1_34' title='bbox 1718 995 1819 1060; x_wconf 87' lang='grc' dir='ltr'>καὶ</span> <span class='ocrx_word' id='word_1_35' title='bbox 1862 995 2135 1075; x_wconf 85' lang='grc' dir='ltr'>Ἀρήνην</span> <span class='ocrx_word' id='word_1_36' title='bbox 2179 992 2511 1073; x_wconf 83' lang='grc' dir='ltr'>ἐρατεινὴν</span> 
     </span>
     <span class='ocr_line' id='line_1_7' title="bbox 586 1095 2318 1179; baseline -0.002 -16"><span class='ocrx_word' id='word_1_37' title='bbox 586 1099 686 1164; x_wconf 87' lang='grc' dir='ltr'>καὶ</span> <span class='ocrx_word' id='word_1_38' title='bbox 729 1096 976 1179; x_wconf 83' lang='grc' dir='ltr'>Θρύον,</span> <span class='ocrx_word' id='word_1_39' title='bbox 1023 1097 1350 1178; x_wconf 83' lang='grc' dir='ltr'>Ἀλφειοῖο</span> <span class='ocrx_word' id='word_1_40' title='bbox 1392 1096 1637 1176; x_wconf 88' lang='grc' dir='ltr'>πόρον,</span> <span class='ocrx_word' id='word_1_41' title='bbox 1682 1097 1786 1161; x_wconf 90' lang='grc' dir='ltr'>καὶ</span> <span class='ocrx_word' id='word_1_42' title='bbox 1827 1097 2081 1162; x_wconf 89' lang='grc' dir='ltr'>ἐύκιτον</span> <span class='ocrx_word' id='word_1_43' title='bbox 2124 1095 2318 1173; x_wconf 87' lang='grc' dir='ltr'>Αἰπύ,</span> 
     </span>
     <span class='ocr_line' id='line_1_8' title="bbox 587 1198 2175 1282; baseline -0.001 -16"><span class='ocrx_word' id='word_1_44' title='bbox 587 1202 689 1266; x_wconf 81' lang='grc' dir='ltr'>καὶ</span> <span class='ocrx_word' id='word_1_45' title='bbox 734 1199 1242 1278; x_wconf 87' lang='grc' dir='ltr'>Κυπαριςςήεντα</span> <span class='ocrx_word' id='word_1_46' title='bbox 1285 1200 1388 1265; x_wconf 88' lang='grc' dir='ltr'>καὶ</span> <span class='ocrx_word' id='word_1_47' title='bbox 1431 1199 1875 1280; x_wconf 83' lang='grc' dir='ltr'>Ἀμφιγένειαν</span> <span class='ocrx_word' id='word_1_48' title='bbox 1919 1198 2141 1265; x_wconf 84' lang='grc' dir='ltr'>ἔναιον</span> <span class='ocrx_word' id='word_1_49' title='bbox 2156 1248 2175 1282; x_wconf 90' lang='grc'>,</span> 
     </span>
     <span class='ocr_line' id='line_1_9' title="bbox 586 1299 2480 1382; baseline -0.001 -16"><span class='ocrx_word' id='word_1_50' title='bbox 586 1303 689 1369; x_wconf 81' lang='grc' dir='ltr'>καὶ</span> <span class='ocrx_word' id='word_1_51' title='bbox 729 1302 1022 1368; x_wconf 85' lang='grc' dir='ltr'>Πτελεὸν</span> <span class='ocrx_word' id='word_1_52' title='bbox 1064 1301 1168 1366; x_wconf 85' lang='grc' dir='ltr'>καὶ</span> <span class='ocrx_word' id='word_1_53' title='bbox 1209 1302 1401 1367; x_wconf 85' lang='grc' dir='ltr'>Ἕλος</span> <span class='ocrx_word' id='word_1_54' title='bbox 1441 1301 1544 1366; x_wconf 85' lang='grc' dir='ltr'>καὶ</span> <span class='ocrx_word' id='word_1_55' title='bbox 1586 1302 1894 1382; x_wconf 81' lang='grc' dir='ltr'>Δώριον,</span> <span class='ocrx_word' id='word_1_56' title='bbox 1938 1299 2116 1366; x_wconf 76' lang='grc' dir='ltr'>ἔνθά</span> <span class='ocrx_word' id='word_1_57' title='bbox 2137 1320 2207 1365; x_wconf 92' lang='grc' dir='ltr'>τε</span> <span class='ocrx_word' id='word_1_58' title='bbox 2251 1303 2480 1380; x_wconf 88' lang='grc' dir='ltr'>μοῡςαι</span> 
     </span>
    </p>

    <p class='ocr_par' dir='ltr' id='par_1_3' title="bbox 412 1401 2404 1894">
     <span class='ocr_line' id='line_1_10' title="bbox 412 1401 2299 1484; baseline 0.001 -17"><span class='ocrx_word' id='word_1_59' title='bbox 412 1410 541 1468; x_wconf 89' lang='grc'>595</span> <span class='ocrx_word' id='word_1_60' title='bbox 587 1404 930 1484; x_wconf 85' lang='grc' dir='ltr'>ἀντόμεναι</span> <span class='ocrx_word' id='word_1_61' title='bbox 974 1402 1259 1483; x_wconf 85' lang='grc' dir='ltr'>Θάμυριν</span> <span class='ocrx_word' id='word_1_62' title='bbox 1302 1404 1419 1469; x_wconf 86' lang='grc' dir='ltr'>τὸν</span> <span class='ocrx_word' id='word_1_63' title='bbox 1464 1403 1705 1483; x_wconf 85' lang='grc' dir='ltr'>Θρήικα</span> <span class='ocrx_word' id='word_1_64' title='bbox 1748 1407 1997 1470; x_wconf 86' lang='grc' dir='ltr'>παῦςαν</span> <span class='ocrx_word' id='word_1_65' title='bbox 2042 1401 2299 1484; x_wconf 83' lang='grc' dir='ltr'>ἀοιδῆς,</span> 
     </span>
     <span class='ocr_line' id='line_1_11' title="bbox 586 1504 2138 1587; baseline -0.001 -15"><span class='ocrx_word' id='word_1_66' title='bbox 586 1504 960 1587; x_wconf 78' lang='grc' dir='ltr'>Οἰχαλίηθεν</span> <span class='ocrx_word' id='word_1_67' title='bbox 1008 1505 1213 1571; x_wconf 64' lang='grc' dir='ltr'>ἰόνταν</span> <span class='ocrx_word' id='word_1_68' title='bbox 1233 1506 1395 1586; x_wconf 81' lang='grc' dir='ltr'>παρ’</span> <span class='ocrx_word' id='word_1_69' title='bbox 1438 1505 1724 1586; x_wconf 83' lang='grc' dir='ltr'>Εὐρύτου</span> <span class='ocrx_word' id='word_1_70' title='bbox 1768 1504 2138 1585; x_wconf 84' lang='grc' dir='ltr'>Οἰχαλιῆος·</span> 
     </span>
     <span class='ocr_line' id='line_1_12' title="bbox 588 1604 2404 1692; baseline -0.001 -18"><span class='ocrx_word' id='word_1_71' title='bbox 588 1613 808 1674; x_wconf 86' lang='grc' dir='ltr'>ςτεῦτο</span> <span class='ocrx_word' id='word_1_72' title='bbox 850 1609 974 1688; x_wconf 83' lang='grc' dir='ltr'>γὰρ</span> <span class='ocrx_word' id='word_1_73' title='bbox 1018 1607 1375 1689; x_wconf 85' lang='grc' dir='ltr'>εὐχόμενος</span> <span class='ocrx_word' id='word_1_74' title='bbox 1416 1608 1745 1687; x_wconf 84' lang='grc' dir='ltr'>νικηςέμεν</span> <span class='ocrx_word' id='word_1_75' title='bbox 1759 1657 1779 1692; x_wconf 97' lang='grc'>,</span> <span class='ocrx_word' id='word_1_76' title='bbox 1824 1604 1883 1673; x_wconf 85' lang='grc' dir='ltr'>εἴ</span> <span class='ocrx_word' id='word_1_77' title='bbox 1925 1627 2046 1686; x_wconf 90' lang='grc' dir='ltr'>περ</span> <span class='ocrx_word' id='word_1_78' title='bbox 2091 1606 2172 1673; x_wconf 84' lang='grc' dir='ltr'>ἂν</span> <span class='ocrx_word' id='word_1_79' title='bbox 2218 1605 2404 1672; x_wconf 88' lang='grc' dir='ltr'>αὐταὶ</span> 
     </span>
     <span class='ocr_line' id='line_1_13' title="bbox 586 1707 2039 1793; baseline -0.001 -17"><span class='ocrx_word' id='word_1_80' title='bbox 586 1713 812 1789; x_wconf 86' lang='grc' dir='ltr'>μοῦςαι</span> <span class='ocrx_word' id='word_1_81' title='bbox 853 1709 1166 1793; x_wconf 75' lang='grc' dir='ltr'>ἀείδοιεν,</span> <span class='ocrx_word' id='word_1_82' title='bbox 1213 1714 1437 1791; x_wconf 86' lang='grc' dir='ltr'>κοῦραι</span> <span class='ocrx_word' id='word_1_83' title='bbox 1478 1709 1645 1776; x_wconf 86' lang='grc' dir='ltr'>Διὸς</span> <span class='ocrx_word' id='word_1_84' title='bbox 1693 1707 2039 1789; x_wconf 84' lang='grc' dir='ltr'>αἰγιόχοιο·</span> 
     </span>
     <span class='ocr_line' id='line_1_14' title="bbox 587 1810 2296 1894; baseline -0.001 -17"><span class='ocrx_word' id='word_1_85' title='bbox 587 1813 654 1877; x_wconf 86' lang='grc' dir='ltr'>αἳ</span> <span class='ocrx_word' id='word_1_86' title='bbox 696 1813 768 1878; x_wconf 82' lang='grc' dir='ltr'>δὲ</span> <span class='ocrx_word' id='word_1_87' title='bbox 809 1812 1257 1892; x_wconf 89' lang='grc' dir='ltr'>χολωςάμεναι</span> <span class='ocrx_word' id='word_1_88' title='bbox 1299 1812 1510 1891; x_wconf 88' lang='grc' dir='ltr'>πηρὸν</span> <span class='ocrx_word' id='word_1_89' title='bbox 1553 1811 1776 1894; x_wconf 88' lang='grc' dir='ltr'>θέςαν,</span> <span class='ocrx_word' id='word_1_90' title='bbox 1822 1810 2027 1891; x_wconf 84' lang='grc' dir='ltr'>αὐτὰρ</span> <span class='ocrx_word' id='word_1_91' title='bbox 2071 1810 2296 1891; x_wconf 85' lang='grc' dir='ltr'>ἀοιδὴν</span> 
     </span>
    </p>

    <p class='ocr_par' dir='ltr' id='par_1_4' title="bbox 415 1911 2265 2200">
     <span class='ocr_line' id='line_1_15' title="bbox 415 1911 2258 1995; baseline -0.001 -16"><span class='ocrx_word' id='word_1_92' title='bbox 415 1920 546 1979; x_wconf 93' lang='grc'>600</span> <span class='ocrx_word' id='word_1_93' title='bbox 586 1914 913 1995; x_wconf 86' lang='grc' dir='ltr'>θεςπεςίην</span> <span class='ocrx_word' id='word_1_94' title='bbox 959 1914 1293 1995; x_wconf 85' lang='grc' dir='ltr'>ἀφέλοντο</span> <span class='ocrx_word' id='word_1_95' title='bbox 1336 1914 1436 1979; x_wconf 92' lang='grc' dir='ltr'>καὶ</span> <span class='ocrx_word' id='word_1_96' title='bbox 1479 1913 1828 1979; x_wconf 82' lang='grc' dir='ltr'>ἐκλέλαθον</span> <span class='ocrx_word' id='word_1_97' title='bbox 1871 1911 2258 1993; x_wconf 86' lang='grc' dir='ltr'>κιθαριςτύν·</span> 
     </span>
     <span class='ocr_line' id='line_1_16' title="bbox 584 2014 2265 2096; baseline -0.001 -15"><span class='ocrx_word' id='word_1_98' title='bbox 584 2022 717 2081; x_wconf 85' lang='grc' dir='ltr'>τῶν</span> <span class='ocrx_word' id='word_1_99' title='bbox 760 2015 911 2082; x_wconf 80' lang='grc' dir='ltr'>αὖθ’</span> <span class='ocrx_word' id='word_1_100' title='bbox 953 2016 1306 2096; x_wconf 84' lang='grc' dir='ltr'>ἡγεμόνευε</span> <span class='ocrx_word' id='word_1_101' title='bbox 1352 2017 1647 2096; x_wconf 89' lang='grc' dir='ltr'>Γερήνιος</span> <span class='ocrx_word' id='word_1_102' title='bbox 1688 2014 1933 2081; x_wconf 80' lang='grc' dir='ltr'>ἱππότα</span> <span class='ocrx_word' id='word_1_103' title='bbox 1978 2014 2265 2094; x_wconf 89' lang='grc' dir='ltr'>Νέςτωρ·</span> 
     </span>
     <span class='ocr_line' id='line_1_17' title="bbox 589 2117 2229 2200; baseline -0.002 -16"><span class='ocrx_word' id='word_1_104' title='bbox 589 2125 681 2199; x_wconf 79' lang='grc' dir='ltr'>τῷ</span> <span class='ocrx_word' id='word_1_105' title='bbox 724 2119 793 2184; x_wconf 80' lang='grc' dir='ltr'>δ’</span> <span class='ocrx_word' id='word_1_106' title='bbox 834 2119 1227 2198; x_wconf 88' lang='grc' dir='ltr'>ἐνενήκοντα</span> <span class='ocrx_word' id='word_1_107' title='bbox 1266 2120 1596 2200; x_wconf 85' lang='grc' dir='ltr'>γλαφυραὶ</span> <span class='ocrx_word' id='word_1_108' title='bbox 1637 2118 1783 2184; x_wconf 89' lang='grc' dir='ltr'>νέες</span> <span class='ocrx_word' id='word_1_109' title='bbox 1825 2117 2229 2197; x_wconf 86' lang='grc' dir='ltr'>ἐςτιχόωντο.</span> 
     </span>
    </p>

    <p class='ocr_par' dir='ltr' id='par_1_5' title="bbox 587 2218 2489 2407">
     <span class='ocr_line' id='line_1_18' title="bbox 755 2218 2489 2304; baseline 0 -19"><span class='ocrx_word' id='word_1_110' title='bbox 755 2221 821 2285; x_wconf 88' lang='grc' dir='ltr'>οἳ</span> <span class='ocrx_word' id='word_1_111' title='bbox 862 2222 929 2286; x_wconf 81' lang='grc' dir='ltr'>δ’</span> <span class='ocrx_word' id='word_1_112' title='bbox 972 2221 1130 2302; x_wconf 83' lang='grc' dir='ltr'>ἔχον</span> <span class='ocrx_word' id='word_1_113' title='bbox 1174 2220 1508 2301; x_wconf 78' lang='grc' dir='ltr'>Ἀρκαδίην</span> <span class='ocrx_word' id='word_1_114' title='bbox 1552 2220 1684 2286; x_wconf 84' lang='grc' dir='ltr'>ὑπὸ</span> <span class='ocrx_word' id='word_1_115' title='bbox 1732 2219 2057 2299; x_wconf 81' lang='grc' dir='ltr'>Κυλλήνης</span> <span class='ocrx_word' id='word_1_116' title='bbox 2098 2220 2257 2299; x_wconf 85' lang='grc' dir='ltr'>ὄρος</span> <span class='ocrx_word' id='word_1_117' title='bbox 2300 2218 2489 2304; x_wconf 81' lang='grc' dir='ltr'>αἰπύ,</span> 
     </span>
     <span class='ocr_line' id='line_1_19' title="bbox 587 2321 2327 2407; baseline -0.001 -20"><span class='ocrx_word' id='word_1_118' title='bbox 587 2322 890 2388; x_wconf 83' lang='grc' dir='ltr'>Αἰπύτιον</span> <span class='ocrx_word' id='word_1_119' title='bbox 934 2322 1113 2403; x_wconf 87' lang='grc' dir='ltr'>παρὰ</span> <span class='ocrx_word' id='word_1_120' title='bbox 1152 2322 1426 2407; x_wconf 84' lang='grc' dir='ltr'>τύμβον,</span> <span class='ocrx_word' id='word_1_121' title='bbox 1467 2322 1564 2389; x_wconf 79' lang='grc' dir='ltr'>ἵν’</span> <span class='ocrx_word' id='word_1_122' title='bbox 1608 2321 1838 2403; x_wconf 85' lang='grc' dir='ltr'>ἀνέρες</span> <span class='ocrx_word' id='word_1_123' title='bbox 1881 2321 2327 2403; x_wconf 86' lang='grc' dir='ltr'>ἀγχιμαχηταί,</span> 
     </span>
    </p>

    <p class='ocr_par' dir='ltr' id='par_1_6' title="bbox 415 2423 2416 2918">
     <span class='ocr_line' id='line_1_20' title="bbox 415 2423 2416 2506; baseline 0.001 -17"><span class='ocrx_word' id='word_1_124' title='bbox 415 2430 543 2489; x_wconf 86' lang='grc'>605</span> <span class='ocrx_word' id='word_1_125' title='bbox 587 2425 654 2489; x_wconf 86' lang='grc' dir='ltr'>οἳ</span> <span class='ocrx_word' id='word_1_126' title='bbox 696 2423 943 2490; x_wconf 86' lang='grc' dir='ltr'>Φενεόν</span> <span class='ocrx_word' id='word_1_127' title='bbox 986 2426 1054 2489; x_wconf 77' lang='grc' dir='ltr'>τ’</span> <span class='ocrx_word' id='word_1_128' title='bbox 1098 2424 1408 2505; x_wconf 85' lang='grc' dir='ltr'>ἐνέμοντο</span> <span class='ocrx_word' id='word_1_129' title='bbox 1451 2424 1553 2490; x_wconf 87' lang='grc' dir='ltr'>καὶ</span> <span class='ocrx_word' id='word_1_130' title='bbox 1598 2424 1995 2506; x_wconf 83' lang='grc' dir='ltr'>Ὀρχομενόν</span> <span class='ocrx_word' id='word_1_131' title='bbox 2039 2423 2416 2505; x_wconf 85' lang='grc' dir='ltr'>πολύμηλον</span> 
     </span>
     <span class='ocr_line' id='line_1_21' title="bbox 584 2526 2325 2609; baseline 0.001 -17"><span class='ocrx_word' id='word_1_132' title='bbox 584 2526 803 2607; x_wconf 88' lang='grc' dir='ltr'>Ῥίπην</span> <span class='ocrx_word' id='word_1_133' title='bbox 846 2548 917 2594; x_wconf 91' lang='grc' dir='ltr'>τε</span> <span class='ocrx_word' id='word_1_134' title='bbox 961 2526 1265 2608; x_wconf 78' lang='grc' dir='ltr'>(τρατίην</span> <span class='ocrx_word' id='word_1_135' title='bbox 1310 2548 1377 2594; x_wconf 93' lang='grc' dir='ltr'>τε</span> <span class='ocrx_word' id='word_1_136' title='bbox 1422 2530 1527 2594; x_wconf 86' lang='grc' dir='ltr'>καὶ</span> <span class='ocrx_word' id='word_1_137' title='bbox 1569 2526 1956 2608; x_wconf 85' lang='grc' dir='ltr'>ἠνεμόεςςαν</span> <span class='ocrx_word' id='word_1_138' title='bbox 2003 2527 2325 2609; x_wconf 85' lang='grc' dir='ltr'>Ἐνίςπην,</span> 
     </span>
     <span class='ocr_line' id='line_1_22' title="bbox 588 2628 2156 2712; baseline 0.001 -17"><span class='ocrx_word' id='word_1_139' title='bbox 588 2629 688 2695; x_wconf 84' lang='grc' dir='ltr'>καὶ</span> <span class='ocrx_word' id='word_1_140' title='bbox 730 2630 969 2709; x_wconf 85' lang='grc' dir='ltr'>Τεγέην</span> <span class='ocrx_word' id='word_1_141' title='bbox 1012 2628 1198 2710; x_wconf 82' lang='grc' dir='ltr'>εἶχον</span> <span class='ocrx_word' id='word_1_142' title='bbox 1243 2629 1342 2694; x_wconf 84' lang='grc' dir='ltr'>καὶ</span> <span class='ocrx_word' id='word_1_143' title='bbox 1386 2629 1750 2712; x_wconf 90' lang='grc' dir='ltr'>Μαντινέην</span> <span class='ocrx_word' id='word_1_144' title='bbox 1795 2629 2156 2710; x_wconf 85' lang='grc' dir='ltr'>ἐρατεινήν,</span> 
     </span>
     <span class='ocr_line' id='line_1_23' title="bbox 588 2730 2250 2816; baseline 0.002 -20"><span class='ocrx_word' id='word_1_145' title='bbox 588 2731 967 2813; x_wconf 81' lang='grc' dir='ltr'>(τύμφηλόν</span> <span class='ocrx_word' id='word_1_146' title='bbox 1011 2733 1077 2797; x_wconf 82' lang='grc' dir='ltr'>τ’</span> <span class='ocrx_word' id='word_1_147' title='bbox 1119 2730 1302 2812; x_wconf 84' lang='grc' dir='ltr'>εἶχον</span> <span class='ocrx_word' id='word_1_148' title='bbox 1346 2732 1450 2799; x_wconf 89' lang='grc' dir='ltr'>καὶ</span> <span class='ocrx_word' id='word_1_149' title='bbox 1489 2731 1860 2813; x_wconf 82' lang='grc' dir='ltr'>Παῤῥαςίην</span> <span class='ocrx_word' id='word_1_150' title='bbox 1904 2732 2250 2816; x_wconf 89' lang='grc' dir='ltr'>ἐνέμοντο,</span> 
     </span>
     <span class='ocr_line' id='line_1_24' title="bbox 586 2833 2240 2918; baseline 0.002 -21"><span class='ocrx_word' id='word_1_151' title='bbox 586 2836 720 2898; x_wconf 87' lang='grc' dir='ltr'>τῶν</span> <span class='ocrx_word' id='word_1_152' title='bbox 763 2834 914 2914; x_wconf 85' lang='grc' dir='ltr'>ἦρχ’</span> <span class='ocrx_word' id='word_1_153' title='bbox 960 2834 1277 2911; x_wconf 88' lang='grc' dir='ltr'>Ἀγκαίοιο</span> <span class='ocrx_word' id='word_1_154' title='bbox 1320 2834 1502 2918; x_wconf 89' lang='grc' dir='ltr'>πάις,</span> <span class='ocrx_word' id='word_1_155' title='bbox 1547 2833 1778 2914; x_wconf 88' lang='grc' dir='ltr'>κρείων</span> <span class='ocrx_word' id='word_1_156' title='bbox 1825 2834 2240 2918; x_wconf 88' lang='grc' dir='ltr'>Ἀγαπήνωρ,</span> 
     </span>
    </p>

    <p class='ocr_par' dir='ltr' id='par_1_7' title="bbox 415 2934 2358 3321">
     <span class='ocr_line' id='line_1_25' title="bbox 415 2934 2298 3026; baseline 0.002 -28"><span class='ocrx_word' id='word_1_157' title='bbox 415 2941 544 2999; x_wconf 88' lang='grc'>610</span> <span class='ocrx_word' id='word_1_158' title='bbox 587 2934 891 3014; x_wconf 85' lang='grc' dir='ltr'>ἑξήκοντα</span> <span class='ocrx_word' id='word_1_159' title='bbox 934 2942 1134 3026; x_wconf 67' lang='grc' dir='ltr'>νεῶνξ</span> <span class='ocrx_word' id='word_1_160' title='bbox 1181 2937 1417 3002; x_wconf 85' lang='grc' dir='ltr'>πολέες</span> <span class='ocrx_word' id='word_1_161' title='bbox 1459 2937 1526 3002; x_wconf 84' lang='grc' dir='ltr'>δ’</span> <span class='ocrx_word' id='word_1_162' title='bbox 1572 2936 1643 3000; x_wconf 87' lang='grc' dir='ltr'>ἐν</span> <span class='ocrx_word' id='word_1_163' title='bbox 1689 2936 1793 3016; x_wconf 87' lang='grc' dir='ltr'>νηὶ</span> <span class='ocrx_word' id='word_1_164' title='bbox 1834 2936 2059 3020; x_wconf 85' lang='grc' dir='ltr'>ἑκάςτῃ</span> <span class='ocrx_word' id='word_1_165' title='bbox 2286 2983 2298 2992; x_wconf 86' lang='grc'>.</span> 
     </span>
     <span class='ocr_line' id='line_1_26' title="bbox 590 3036 2333 3119; baseline 0 -16"><span class='ocrx_word' id='word_1_166' title='bbox 590 3036 883 3117; x_wconf 88' lang='grc' dir='ltr'>Ἀρκάδες</span> <span class='ocrx_word' id='word_1_167' title='bbox 925 3039 1157 3117; x_wconf 76' lang='grc' dir='ltr'>ἄνδρες</span> <span class='ocrx_word' id='word_1_168' title='bbox 1199 3037 1461 3118; x_wconf 84' lang='grc' dir='ltr'>ἔβαινον</span> <span class='ocrx_word' id='word_1_169' title='bbox 1505 3037 1911 3119; x_wconf 88' lang='grc' dir='ltr'>ἐπιςτάμενοι</span> <span class='ocrx_word' id='word_1_170' title='bbox 1955 3037 2333 3119; x_wconf 82' lang='grc' dir='ltr'>πολεμίζειν.</span> 
     </span>
     <span class='ocr_line' id='line_1_27' title="bbox 587 3127 2358 3220; baseline 0.002 -16"><span class='ocrx_word' id='word_1_171' title='bbox 587 3139 781 3205; x_wconf 83' lang='grc' dir='ltr'>αὐτὸς</span> <span class='ocrx_word' id='word_1_172' title='bbox 823 3140 947 3220; x_wconf 87' lang='grc' dir='ltr'>γάρ</span> <span class='ocrx_word' id='word_1_173' title='bbox 980 3127 1141 3220; x_wconf 66' lang='grc' dir='ltr'>Ἑφιν</span> <span class='ocrx_word' id='word_1_174' title='bbox 1186 3143 1393 3206; x_wconf 89' lang='grc' dir='ltr'>δῶκεν</span> <span class='ocrx_word' id='word_1_175' title='bbox 1437 3139 1599 3207; x_wconf 84' lang='grc' dir='ltr'>ἄναξ</span> <span class='ocrx_word' id='word_1_176' title='bbox 1640 3139 1900 3219; x_wconf 85' lang='grc' dir='ltr'>ἀνδρῶν</span> <span class='ocrx_word' id='word_1_177' title='bbox 1946 3140 2358 3220; x_wconf 87' lang='grc' dir='ltr'>Ἀγαμέμνων</span> 
     </span>
     <span class='ocr_line' id='line_1_28' title="bbox 586 3240 2212 3321; baseline 0.001 -15"><span class='ocrx_word' id='word_1_178' title='bbox 586 3244 745 3320; x_wconf 89' lang='grc' dir='ltr'>νῆας</span> <span class='ocrx_word' id='word_1_179' title='bbox 791 3241 1166 3321; x_wconf 87' lang='grc' dir='ltr'>ἐυςςέλμους</span> <span class='ocrx_word' id='word_1_180' title='bbox 1209 3241 1458 3321; x_wconf 89' lang='grc' dir='ltr'>περάαν</span> <span class='ocrx_word' id='word_1_181' title='bbox 1503 3242 1611 3306; x_wconf 84' lang='grc' dir='ltr'>ἐπὶ</span> <span class='ocrx_word' id='word_1_182' title='bbox 1654 3240 1894 3307; x_wconf 85' lang='grc' dir='ltr'>οἴνοπα</span> <span class='ocrx_word' id='word_1_183' title='bbox 1936 3243 2212 3318; x_wconf 85' lang='grc' dir='ltr'>πόντον,</span> 
     </span>
    </p>
   </div>
   <div class='ocr_carea' id='block_1_3' title="bbox 414 3380 819 3393">
    <p class='ocr_par' dir='ltr' id='par_1_8' title="bbox 414 3380 819 3393">
     <span class='ocr_line' id='line_1_29' title="bbox 414 3380 819 3393; baseline 0 1613"><span class='ocrx_word' id='word_1_184' title='bbox 414 3380 819 3393; x_wconf 95' lang='lat' dir='ltr'> </span> 
     </span>
    </p>
   </div>
   <div class='ocr_carea' id='block_1_4' title="bbox 558 3423 2704 3495">
    <p class='ocr_par' dir='ltr' id='par_1_9' title="bbox 558 3423 2704 3495">
     <span class='ocr_line' id='line_1_30' title="bbox 558 3423 2704 3495; baseline 0.002 -15"><span class='ocrx_word' id='word_1_185' title='bbox 558 3426 626 3485; x_wconf 76' lang='lat' dir='ltr'>V.</span> <span class='ocrx_word' id='word_1_186' title='bbox 662 3447 715 3485; x_wconf 72' lang='grc' dir='ltr'>τ..</span> <span class='ocrx_word' id='word_1_187' title='bbox 768 3434 868 3484; x_wconf 89' lang='grc'>589</span> <span class='ocrx_word' id='word_1_188' title='bbox 901 3429 1156 3495; x_wconf 85' lang='grc' dir='ltr'>πόλεμον</span> <span class='ocrx_word' id='word_1_189' title='bbox 1194 3423 1262 3483; x_wconf 75' lang='grc' dir='ltr'>’δὲ</span> <span class='ocrx_word' id='word_1_190' title='bbox 1308 3428 1375 3482; x_wconf 83' lang='lat' dir='ltr'>A.</span> <span class='ocrx_word' id='word_1_191' title='bbox 1424 3459 1487 3468; x_wconf 92' lang='lat'><strong>—</strong></span> <span class='ocrx_word' id='word_1_192' title='bbox 1534 3434 1630 3484; x_wconf 82' lang='lat'>591</span> <span class='ocrx_word' id='word_1_193' title='bbox 1668 3427 1724 3482; x_wconf 81' lang='grc' dir='ltr'>οἱ</span> <span class='ocrx_word' id='word_1_194' title='bbox 1758 3430 1823 3485; x_wconf 81' lang='grc' dir='ltr'>Α.</span> <span class='ocrx_word' id='word_1_195' title='bbox 1861 3455 1928 3466; x_wconf 90' lang='grc'>-</span> <span class='ocrx_word' id='word_1_196' title='bbox 1971 3434 2073 3485; x_wconf 82' lang='grc'>592</span> <span class='ocrx_word' id='word_1_197' title='bbox 2108 3429 2393 3485; x_wconf 71' lang='grc' dir='ltr'>ἐύκτιτονι</span> <span class='ocrx_word' id='word_1_198' title='bbox 2439 3431 2704 3486; x_wconf 87' lang='grc' dir='ltr'>εὔκτιτον</span> 
     </span>
    </p>
   </div>
   <div class='ocr_carea' id='block_1_5' title="bbox 408 3508 2700 3803">
    <p class='ocr_par' dir='ltr' id='par_1_10' title="bbox 408 3508 2700 3803">
     <span class='ocr_line' id='line_1_31' title="bbox 414 3508 2700 3602; baseline 0.001 -18"><span class='ocrx_word' id='word_1_199' title='bbox 414 3530 462 3584; x_wconf 85' lang='grc' dir='ltr'>Ε</span> <span class='ocrx_word' id='word_1_200' title='bbox 495 3535 618 3596; x_wconf 74' lang='lat'>296,</span> <span class='ocrx_word' id='word_1_201' title='bbox 655 3536 746 3596; x_wconf 64' lang='lat'>203</span> <span class='ocrx_word' id='word_1_202' title='bbox 781 3536 899 3595; x_wconf 77' lang='lat'><strong>297,</strong></span> <span class='ocrx_word' id='word_1_203' title='bbox 938 3535 1001 3584; x_wconf 61' lang='grc' dir='ltr'>ιε</span> <span class='ocrx_word' id='word_1_204' title='bbox 1025 3529 1085 3584; x_wconf 73' lang='lat' dir='ltr'>et</span> <span class='ocrx_word' id='word_1_205' title='bbox 1109 3536 1188 3586; x_wconf 82' lang='lat'>18.</span> <span class='ocrx_word' id='word_1_206' title='bbox 1227 3529 1384 3585; x_wconf 74' lang='grc' dir='ltr'>ἐϋκτι</span> <span class='ocrx_word' id='word_1_207' title='bbox 1426 3532 1509 3586; x_wconf 81' lang='grc' dir='ltr'>εν’</span> <span class='ocrx_word' id='word_1_208' title='bbox 1532 3529 1592 3586; x_wconf 82' lang='lat' dir='ltr'>C.</span> <span class='ocrx_word' id='word_1_209' title='bbox 1631 3508 1921 3597; x_wconf 60' lang='grc' dir='ltr'>εὐκτιμὲὅ’</span> <span class='ocrx_word' id='word_1_210' title='bbox 1957 3530 2024 3586; x_wconf 81' lang='lat' dir='ltr'>G.</span> <span class='ocrx_word' id='word_1_211' title='bbox 2060 3532 2213 3587; x_wconf 76' lang='grc' dir='ltr'>Αῑπυ</span> <span class='ocrx_word' id='word_1_212' title='bbox 2236 3529 2469 3586; x_wconf 79' lang='lat' dir='ltr'><strong>GGHLS</strong></span> <span class='ocrx_word' id='word_1_213' title='bbox 2506 3531 2700 3602; x_wconf 77' lang='lat' dir='ltr'><strong>steph.</strong></span> 
     </span>
     <span class='ocr_line' id='line_1_32' title="bbox 414 3596 2699 3668; baseline 0.002 -18"><span class='ocrx_word' id='word_1_214' title='bbox 414 3597 552 3667; x_wconf 77' lang='lat' dir='ltr'><strong>Byz.</strong></span> <span class='ocrx_word' id='word_1_215' title='bbox 589 3603 674 3662; x_wconf 79' lang='lat'>54,</span> <span class='ocrx_word' id='word_1_216' title='bbox 709 3604 759 3652; x_wconf 80' lang='lat'>4.</span> <span class='ocrx_word' id='word_1_217' title='bbox 797 3597 999 3653; x_wconf 67' lang='lat' dir='ltr'><strong>Strabo</strong></span> <span class='ocrx_word' id='word_1_218' title='bbox 1035 3596 1187 3664; x_wconf 80' lang='lat' dir='ltr'><strong>VIII,</strong></span> <span class='ocrx_word' id='word_1_219' title='bbox 1224 3604 1341 3654; x_wconf 81' lang='lat'>349.</span> <span class='ocrx_word' id='word_1_220' title='bbox 1448 3598 1562 3657; x_wconf 88' lang='lat' dir='ltr'><strong>hol.</strong></span> <span class='ocrx_word' id='word_1_221' title='bbox 1599 3617 1636 3665; x_wconf 83' lang='grc' dir='ltr'>γ</span> <span class='ocrx_word' id='word_1_222' title='bbox 1671 3605 1725 3653; x_wconf 75' lang='lat'>⁷:</span> <span class='ocrx_word' id='word_1_223' title='bbox 1762 3601 1909 3656; x_wconf 77' lang='grc' dir='ltr'>Αἰπὺ</span> <span class='ocrx_word' id='word_1_224' title='bbox 1947 3598 2042 3653; x_wconf 86' lang='grc' dir='ltr'>ΑΕ</span> <span class='ocrx_word' id='word_1_225' title='bbox 2077 3605 2197 3666; x_wconf 75' lang='grc'>296,</span> <span class='ocrx_word' id='word_1_226' title='bbox 2233 3605 2324 3666; x_wconf 78' lang='grc' dir='ltr'>2ος</span> <span class='ocrx_word' id='word_1_227' title='bbox 2361 3606 2480 3668; x_wconf 82' lang='grc'>297,</span> <span class='ocrx_word' id='word_1_228' title='bbox 2519 3605 2595 3655; x_wconf 89' lang='lat'>11.</span> <span class='ocrx_word' id='word_1_229' title='bbox 2634 3632 2699 3640; x_wconf 89' lang='lat'>—</span> 
     </span>
     <span class='ocr_line' id='line_1_33' title="bbox 411 3665 2696 3737; baseline 0 -16"><span class='ocrx_word' id='word_1_230' title='bbox 411 3672 515 3721; x_wconf 78' lang='lat'>594</span> <span class='ocrx_word' id='word_1_231' title='bbox 552 3668 764 3722; x_wconf 78' lang='grc' dir='ltr'>πελεὸν</span> <span class='ocrx_word' id='word_1_232' title='bbox 798 3665 852 3721; x_wconf 81' lang='lat' dir='ltr'>S.</span> <span class='ocrx_word' id='word_1_233' title='bbox 889 3666 1028 3722; x_wconf 78' lang='grc' dir='ltr'>ἔνθά</span> <span class='ocrx_word' id='word_1_234' title='bbox 1061 3683 1125 3721; x_wconf 89' lang='grc' dir='ltr'>τε</span> <span class='ocrx_word' id='word_1_235' title='bbox 1153 3665 1318 3722; x_wconf 82' lang='lat' dir='ltr'>ACH.</span> <span class='ocrx_word' id='word_1_236' title='bbox 1356 3669 1495 3722; x_wconf 79' lang='grc' dir='ltr'>ἔνθα</span> <span class='ocrx_word' id='word_1_237' title='bbox 1529 3684 1596 3733; x_wconf 88' lang='grc' dir='ltr'>γε</span> <span class='ocrx_word' id='word_1_238' title='bbox 1622 3666 1688 3722; x_wconf 88' lang='lat' dir='ltr'>G.</span> <span class='ocrx_word' id='word_1_239' title='bbox 1716 3697 1780 3708; x_wconf 89' lang='lat'>—</span> <span class='ocrx_word' id='word_1_240' title='bbox 1806 3675 1904 3726; x_wconf 82' lang='grc'>597</span> <span class='ocrx_word' id='word_1_241' title='bbox 1942 3670 2008 3723; x_wconf 84' lang='grc' dir='ltr'>εὐ</span> <span class='ocrx_word' id='word_1_242' title='bbox 2045 3669 2273 3734; x_wconf 75' lang='grc' dir='ltr'>όμενοςε</span> <span class='ocrx_word' id='word_1_243' title='bbox 2310 3671 2612 3737; x_wconf 85' lang='grc' dir='ltr'>ἐρχόμενος</span> <span class='ocrx_word' id='word_1_244' title='bbox 2637 3669 2696 3723; x_wconf 88' lang='lat' dir='ltr'>C.</span> 
     </span>
     <span class='ocr_line' id='line_1_34' title="bbox 408 3733 2699 3803; baseline 0.001 -14"><span class='ocrx_word' id='word_1_245' title='bbox 408 3763 482 3775; x_wconf 90' lang='lat'><strong>—</strong></span> <span class='ocrx_word' id='word_1_246' title='bbox 514 3740 617 3789; x_wconf 87' lang='grc'>599</span> <span class='ocrx_word' id='word_1_247' title='bbox 652 3734 711 3789; x_wconf 76' lang='grc' dir='ltr'>αἳ</span> <span class='ocrx_word' id='word_1_248' title='bbox 744 3736 805 3790; x_wconf 82' lang='grc' dir='ltr'>δὲ</span> <span class='ocrx_word' id='word_1_249' title='bbox 842 3733 900 3789; x_wconf 90' lang='lat' dir='ltr'>C.</span> <span class='ocrx_word' id='word_1_250' title='bbox 940 3764 1001 3773; x_wconf 85' lang='lat'>-—</span> <span class='ocrx_word' id='word_1_251' title='bbox 1048 3738 1152 3789; x_wconf 87' lang='grc'>600</span> <span class='ocrx_word' id='word_1_252' title='bbox 1187 3737 1507 3803; x_wconf 86' lang='grc' dir='ltr'>κιθαριςτήν</span> <span class='ocrx_word' id='word_1_253' title='bbox 1544 3734 1648 3790; x_wconf 86' lang='lat' dir='ltr'>GH</span> <span class='ocrx_word' id='word_1_254' title='bbox 1693 3735 1918 3792; x_wconf 82' lang='lat' dir='ltr'><strong>Barocc.</strong></span> <span class='ocrx_word' id='word_1_255' title='bbox 2021 3738 2124 3790; x_wconf 75' lang='lat' dir='ltr'><strong>rat.</strong></span> <span class='ocrx_word' id='word_1_256' title='bbox 2160 3736 2214 3790; x_wconf 89' lang='lat' dir='ltr'>b.</span> <span class='ocrx_word' id='word_1_257' title='bbox 2249 3735 2420 3791; x_wconf 80' lang='lat' dir='ltr'>Mose.</span> <span class='ocrx_word' id='word_1_258' title='bbox 2461 3742 2504 3790; x_wconf 92' lang='lat'>1.</span> <span class='ocrx_word' id='word_1_259' title='bbox 2552 3742 2699 3791; x_wconf 89' lang='grc' dir='ltr'>κιθα-</span> 
     </span>
    </p>
   </div>
   <div class='ocr_carea' id='block_1_6' title="bbox 412 3819 2049 4126">
    <p class='ocr_par' dir='ltr' id='par_1_11' title="bbox 412 3819 2049 4126">
     <span class='ocr_line' id='line_1_35' title="bbox 412 3819 2049 3938; baseline 0 -13"><span class='ocrx_word' id='word_1_260' title='bbox 412 3819 605 3938; x_wconf 60' lang='grc' dir='ltr'>ριςτύιν</span> <span class='ocrx_word' id='word_1_261' title='bbox 639 3869 692 3924; x_wconf 90' lang='lat' dir='ltr'>S.</span> <span class='ocrx_word' id='word_1_262' title='bbox 742 3900 801 3908; x_wconf 79' lang='lat'>——</span> <span class='ocrx_word' id='word_1_263' title='bbox 852 3876 947 3924; x_wconf 84' lang='grc'>601</span> <span class='ocrx_word' id='word_1_264' title='bbox 995 3874 1119 3923; x_wconf 83' lang='grc' dir='ltr'>τῶν</span> <span class='ocrx_word' id='word_1_265' title='bbox 1161 3873 1213 3922; x_wconf 79' lang='grc' dir='ltr'>δ’</span> <span class='ocrx_word' id='word_1_266' title='bbox 1248 3869 1305 3925; x_wconf 89' lang='lat' dir='ltr'>C.</span> <span class='ocrx_word' id='word_1_267' title='bbox 1352 3871 1503 3926; x_wconf 76' lang='grc' dir='ltr'>αῦθί</span> <span class='ocrx_word' id='word_1_268' title='bbox 1542 3873 1615 3926; x_wconf 81' lang='grc' dir='ltr'>αὖ</span> <span class='ocrx_word' id='word_1_269' title='bbox 1650 3871 1717 3925; x_wconf 83' lang='lat' dir='ltr'>G.</span> <span class='ocrx_word' id='word_1_270' title='bbox 1764 3903 1828 3912; x_wconf 90' lang='lat'><em>—</em></span> <span class='ocrx_word' id='word_1_271' title='bbox 1872 3878 1971 3927; x_wconf 73' lang='lat'>602</span> <span class='ocrx_word' id='word_1_272' title='bbox 2016 3889 2049 3925; x_wconf 92' lang='grc' dir='ltr'>τ</span> 
     </span>
     <span class='ocr_line' id='line_1_36' title="bbox 413 4072 459 4126; baseline 0 0"><span class='ocrx_word' id='word_1_273' title='bbox 413 4072 459 4126; x_wconf 80' lang='grc' dir='ltr'>Α</span> 
     </span>
    </p>
   </div>
   <div class='ocr_carea' id='block_1_7' title="bbox 2178 3870 2699 3927">
    <p class='ocr_par' dir='ltr' id='par_1_12' title="bbox 2178 3870 2699 3927">
     <span class='ocr_line' id='line_1_37' title="bbox 2178 3870 2699 3927; baseline -0.004 0"><span class='ocrx_word' id='word_1_274' title='bbox 2178 3877 2300 3927; x_wconf 84' lang='grc' dir='ltr'>τῶν</span> <span class='ocrx_word' id='word_1_275' title='bbox 2335 3872 2390 3926; x_wconf 90' lang='lat' dir='ltr'>S.</span> <span class='ocrx_word' id='word_1_276' title='bbox 2437 3870 2597 3926; x_wconf 72' lang='lat' dir='ltr'><strong>Cant..</strong></span> <span class='ocrx_word' id='word_1_277' title='bbox 2635 3904 2699 3913; x_wconf 88' lang='lat'><em>-</em></span> 
     </span>
    </p>
   </div>
   <div class='ocr_carea' id='block_1_8' title="bbox 412 3892 2700 4078">
    <p class='ocr_par' dir='ltr' id='par_1_13' title="bbox 412 3892 2700 4078">
     <span class='ocr_line' id='line_1_38' title="bbox 412 3892 2696 4010; baseline 0 -17"><span class='ocrx_word' id='word_1_278' title='bbox 412 3945 513 3993; x_wconf 86' lang='grc'>603</span> <span class='ocrx_word' id='word_1_279' title='bbox 550 3939 605 3992; x_wconf 73' lang='grc' dir='ltr'>οἱ</span> <span class='ocrx_word' id='word_1_280' title='bbox 642 3938 706 3991; x_wconf 89' lang='grc' dir='ltr'>Α.</span> <span class='ocrx_word' id='word_1_281' title='bbox 748 3938 1035 4004; x_wconf 85' lang='grc' dir='ltr'>κυλλήνην</span> <span class='ocrx_word' id='word_1_282' title='bbox 1071 3937 1125 3992; x_wconf 81' lang='lat' dir='ltr'>S.</span> <span class='ocrx_word' id='word_1_283' title='bbox 1165 3968 1229 3978; x_wconf 90' lang='lat'>—-</span> <span class='ocrx_word' id='word_1_284' title='bbox 1263 3944 1363 3993; x_wconf 89' lang='grc'>605</span> <span class='ocrx_word' id='word_1_285' title='bbox 1400 3942 1611 4006; x_wconf 88' lang='grc' dir='ltr'>φενεόν</span> <span class='ocrx_word' id='word_1_286' title='bbox 1647 3940 1776 3995; x_wconf 89' lang='lat' dir='ltr'>CES</span> <span class='ocrx_word' id='word_1_287' title='bbox 1822 3940 2017 4010; x_wconf 74' lang='lat' dir='ltr'><strong>steph.</strong></span> <span class='ocrx_word' id='word_1_288' title='bbox 2052 3892 2186 4010; x_wconf 47' lang='grc' dir='ltr'>ἔνι.</span> <span class='ocrx_word' id='word_1_289' title='bbox 2223 3945 2340 4004; x_wconf 80' lang='grc'>662,</span> <span class='ocrx_word' id='word_1_290' title='bbox 2357 3945 2424 3993; x_wconf 61' lang='lat'>²1.</span> <span class='ocrx_word' id='word_1_291' title='bbox 2469 3938 2696 3995; x_wconf 76' lang='lat' dir='ltr'><strong>Strabo:</strong></span> 
     </span>
     <span class='ocr_line' id='line_1_39' title="bbox 552 4005 2700 4078; baseline 0.002 -19"><span class='ocrx_word' id='word_1_292' title='bbox 552 4021 586 4059; x_wconf 94' lang='grc' dir='ltr'>ο</span> <span class='ocrx_word' id='word_1_293' title='bbox 631 4007 866 4060; x_wconf 83' lang='grc' dir='ltr'>Φένεόν.</span> <span class='ocrx_word' id='word_1_294' title='bbox 915 4022 977 4060; x_wconf 86' lang='grc' dir='ltr'>τε</span> <span class='ocrx_word' id='word_1_295' title='bbox 1024 4008 1267 4071; x_wconf 82' lang='grc' dir='ltr'>νέμοντο</span> <span class='ocrx_word' id='word_1_296' title='bbox 1304 4005 1360 4065; x_wconf 87' lang='lat' dir='ltr'>C.</span> <span class='ocrx_word' id='word_1_297' title='bbox 1415 4038 1481 4046; x_wconf 90' lang='grc'><strong>-</strong></span> <span class='ocrx_word' id='word_1_298' title='bbox 1533 4014 1635 4064; x_wconf 85' lang='grc'>608</span> <span class='ocrx_word' id='word_1_299' title='bbox 1680 4009 1991 4078; x_wconf 81' lang='grc' dir='ltr'>παρναςίαν</span> <span class='ocrx_word' id='word_1_300' title='bbox 2027 4007 2094 4062; x_wconf 83' lang='lat' dir='ltr'>G.</span> <span class='ocrx_word' id='word_1_301' title='bbox 2144 4039 2208 4048; x_wconf 87' lang='lat'>—</span> <span class='ocrx_word' id='word_1_302' title='bbox 2253 4012 2353 4062; x_wconf 90' lang='grc'>609</span> <span class='ocrx_word' id='word_1_303' title='bbox 2389 4008 2615 4073; x_wconf 84' lang='grc' dir='ltr'>ἀγκέοιο</span> <span class='ocrx_word' id='word_1_304' title='bbox 2651 4012 2700 4063; x_wconf 90' lang='lat' dir='ltr'>G</span> 
     </span>
    </p>
   </div>
   <div class='ocr_carea' id='block_1_9' title="bbox 462 4071 1715 4152">
    <p class='ocr_par' dir='ltr' id='par_1_14' title="bbox 462 4071 1715 4152">
     <span class='ocr_line' id='line_1_40' title="bbox 462 4071 1715 4152; baseline 0 -21"><span class='ocrx_word' id='word_1_305' title='bbox 462 4089 538 4143; x_wconf 86' lang='lat' dir='ltr'>po</span> <span class='ocrx_word' id='word_1_306' title='bbox 585 4119 598 4131; x_wconf 90' lang='lat'><strong>.</strong></span> <span class='ocrx_word' id='word_1_307' title='bbox 634 4071 769 4128; x_wconf 83' lang='lat' dir='ltr'>Lex.</span> <span class='ocrx_word' id='word_1_308' title='bbox 804 4080 855 4139; x_wconf 83' lang='lat'>4,</span> <span class='ocrx_word' id='word_1_309' title='bbox 888 4078 941 4152; x_wconf 92' lang='grc'>6.</span> <span class='ocrx_word' id='word_1_310' title='bbox 975 4080 1178 4130; x_wconf 81' lang='grc'>-·613</span> <span class='ocrx_word' id='word_1_311' title='bbox 1212 4075 1507 4142; x_wconf 81' lang='grc' dir='ltr'>ἐϋςέλμους</span> <span class='ocrx_word' id='word_1_312' title='bbox 1547 4075 1715 4131; x_wconf 82' lang='lat' dir='ltr'><strong>CGH.</strong></span> 
     </span>
    </p>
   </div>
   <div class='ocr_carea' id='block_1_10' title="bbox 414 4189 818 4198">
    <p class='ocr_par' dir='ltr' id='par_1_15' title="bbox 414 4189 818 4198">
     <span class='ocr_line' id='line_1_41' title="bbox 414 4189 818 4198; baseline 0 0"><span class='ocrx_word' id='word_1_313' title='bbox 414 4189 818 4198; x_wconf 95' lang='lat' dir='ltr'> </span> 
     </span>
    </p>
   </div>
   <div class='ocr_carea' id='block_1_11' title="bbox 412 4243 2697 4382">
    <p class='ocr_par' dir='ltr' id='par_1_16' title="bbox 412 4243 2697 4382">
     <span class='ocr_line' id='line_1_42' title="bbox 544 4243 2697 4315; baseline 0.003 -19"><span class='ocrx_word' id='word_1_314' title='bbox 544 4243 611 4299; x_wconf 83' lang='lat' dir='ltr'>A.</span> <span class='ocrx_word' id='word_1_315' title='bbox 647 4262 697 4298; x_wconf 89' lang='lat' dir='ltr'>c.</span> <span class='ocrx_word' id='word_1_316' title='bbox 758 4249 859 4300; x_wconf 76' lang='lat'>592</span> <span class='ocrx_word' id='word_1_317' title='bbox 896 4246 1158 4299; x_wconf 85' lang='grc' dir='ltr'>εὔκτιτον</span> <span class='ocrx_word' id='word_1_318' title='bbox 1202 4243 1350 4299; x_wconf 79' lang='grc' dir='ltr'>Αἰπὺ</span> <span class='ocrx_word' id='word_1_319' title='bbox 1395 4244 1752 4300; x_wconf 70' lang='lat' dir='ltr'><strong>Aristarchus</strong></span> <span class='ocrx_word' id='word_1_320' title='bbox 1800 4247 1860 4299; x_wconf 73' lang='lat' dir='ltr'>et</span> <span class='ocrx_word' id='word_1_321' title='bbox 1899 4244 2300 4315; x_wconf 80' lang='lat' dir='ltr'>Apollodorus:</span> <span class='ocrx_word' id='word_1_322' title='bbox 2344 4245 2697 4302; x_wconf 78' lang='lat' dir='ltr'><strong>Herodianus</strong></span> 
     </span>
     <span class='ocr_line' id='line_1_43' title="bbox 412 4311 2693 4382; baseline 0.002 -16"><span class='ocrx_word' id='word_1_323' title='bbox 412 4329 537 4366; x_wconf 85' lang='lat' dir='ltr'>cnm</span> <span class='ocrx_word' id='word_1_324' title='bbox 574 4312 906 4368; x_wconf 71' lang='lat' dir='ltr'><strong>Ptolemaeo</strong></span> <span class='ocrx_word' id='word_1_325' title='bbox 943 4313 1110 4368; x_wconf 79' lang='grc' dir='ltr'>Αἶπυ.</span> <span class='ocrx_word' id='word_1_326' title='bbox 1154 4311 1512 4382; x_wconf 73' lang='lat' dir='ltr'><strong>Pherecydes</strong></span> <span class='ocrx_word' id='word_1_327' title='bbox 1554 4314 1828 4369; x_wconf 85' lang='grc' dir='ltr'>Εὔκτιτον</span> <span class='ocrx_word' id='word_1_328' title='bbox 1870 4313 2038 4382; x_wconf 79' lang='grc' dir='ltr'>αἰπύ,</span> <span class='ocrx_word' id='word_1_329' title='bbox 2085 4315 2228 4370; x_wconf 82' lang='lat' dir='ltr'><strong>conf.</strong></span> <span class='ocrx_word' id='word_1_330' title='bbox 2265 4313 2420 4371; x_wconf 74' lang='lat' dir='ltr'><strong>Eunt.</strong></span> <span class='ocrx_word' id='word_1_331' title='bbox 2455 4321 2573 4381; x_wconf 82' lang='grc'><strong>297,</strong></span> <span class='ocrx_word' id='word_1_332' title='bbox 2614 4321 2693 4371; x_wconf 86' lang='grc'>15.</span> 
     </span>
    </p>
   </div>
   <div class='ocr_carea' id='block_1_12' title="bbox 412 4381 1915 4450">
    <p class='ocr_par' dir='ltr' id='par_1_17' title="bbox 412 4381 1915 4450">
     <span class='ocr_line' id='line_1_44' title="bbox 412 4381 1915 4450; baseline 0.002 -15"><span class='ocrx_word' id='word_1_333' title='bbox 412 4412 475 4420; x_wconf 89' lang='grc'><strong>-</strong></span> <span class='ocrx_word' id='word_1_334' title='bbox 509 4386 783 4435; x_wconf 71' lang='lat'>612—614</span> <span class='ocrx_word' id='word_1_335' title='bbox 819 4381 1144 4449; x_wconf 87' lang='grc' dir='ltr'>Ζηνόδοτος</span> <span class='ocrx_word' id='word_1_336' title='bbox 1183 4382 1422 4450; x_wconf 84' lang='grc' dir='ltr'>ήθέτηκε</span> <span class='ocrx_word' id='word_1_337' title='bbox 1459 4381 1915 4439; x_wconf 73' lang='lat' dir='ltr'><strong>Aristonicus.</strong></span> 
     </span>
    </p>
   </div>
  </div>
 </body>
</html>
