3144 5006
1348 338 1679 396 lMAAoc
1724 338 1816 393 XI.
2596 343 2716 406 311

602 493 807 573 γήμας
849 493 908 559 δ’
950 493 1019 559 ἐκ
1063 495 1377 576 θαλάμοιο
1422 494 1580 574 μετὰ
1623 494 1810 559 κλέος
1850 494 2005 560 ἵκετ’
2046 494 2320 574 Ἀχαιῶν

605 594 720 663 ςὺν
763 594 1146 661 δυοκαίδεκα
1188 596 1370 675 νηυςὶ
1412 595 1783 679 κορωνίςιν,
1834 595 1902 661 αἵ
1945 596 2008 662 οἱ
2051 597 2311 663 ἕποντο.

600 697 717 763 τὰς
760 698 876 777 μὲν
921 696 1121 763 ἔπειτ’
1163 696 1235 763 ἐν
1277 697 1589 781 Περκώτῃ
1634 697 1777 762 λίπε
1819 701 1979 777 νῆας
2021 697 2209 783 ἐίςας,

436 802 561 865 230
603 799 809 879 αὐτὰρ
853 799 892 863 ὃ
936 799 1131 866 πεζὸς
1173 798 1304 864 ἐὼν
1349 798 1438 864 εἰς
1481 799 1674 864 Ἴλιον
1720 797 2107 879 εἰληλούθει·

602 900 676 965 ὅς
722 898 804 980 ῥα
845 899 977 965 τότ’
1020 900 1351 980 Ἀτρείδεω
1398 899 1874 980 Ἀγαμέμνονος
1917 899 2135 967 ἀντίος
2177 900 2387 981 ἦλθεν.
2452 894 2461 902 “

602 1001 668 1065 οἳ
712 1001 770 1067 δ’
812 1001 922 1068 ὅτε
967 1003 1044 1084 δὴ
1090 1002 1318 1081 ςχεδὸν
1361 1001 1520 1082 ἦςαν
1567 1001 1669 1067 ἐπ’
1712 1001 2080 1083 ἀλλήλοιςιν
2124 1001 2351 1087 ἰόντες,

601 1103 916 1185 Ἀτρείδης
958 1106 1075 1188 μὲν
1119 1103 1389 1187 ἅμαρτε,
1433 1103 1632 1184 παραὶ
1673 1104 1746 1169 δέ
1791 1102 1851 1168 οἱ
1894 1103 2186 1183 ἐτράπετ’
2228 1105 2441 1188 ἔγχος,

600 1204 921 1286 Ἰφιδάμας
963 1208 1034 1272 δὲ
1080 1206 1240 1271 κατὰ
1283 1206 1519 1290 ζώνην,
1564 1205 1854 1286 θώρηκος
1897 1205 2141 1289 ἔνερθε,

431 1310 553 1370 235
598 1306 748 1384 νύξ’,
794 1307 900 1372 ἐπὶ
942 1309 999 1374 δ’
1042 1309 1239 1374 αὐτὸς
1282 1308 1482 1386 ἔρειςε
1528 1306 1744 1391 βαρείῃ
1788 1307 1947 1387 χειρὶ
1991 1308 2286 1386 πιθήςας·

598 1408 742 1475 οὐδ’
783 1408 970 1490 ἔτορε
1015 1413 1301 1489 ζωςτῆρα
1345 1407 1730 1492 παναίολον,
1774 1408 1942 1473 ἀλλὰ
1986 1410 2157 1474 πολὺ
2202 1410 2353 1488 πρὶν

597 1508 860 1594 ἀργύρῳ
902 1511 1222 1591 ἀντομένη
1267 1512 1531 1593 μόλιβος
1574 1511 1665 1577 ὣς
1709 1510 2000 1591 ἐτράπετ’
2043 1509 2252 1590 αἰχμή.

599 1614 702 1679 καὶ
742 1612 820 1678 τό
863 1634 938 1689 γε
981 1614 1144 1693 χειρὶ
1187 1615 1404 1694 λαβὼν
1449 1612 1606 1694 εὐρὺ
1651 1613 1880 1692 κρείων
1928 1613 2337 1692 Ἀγαμέμνων

596 1713 726 1779 ἕλκ’
767 1714 874 1780 ἐπὶ
917 1713 982 1781 οῐ
1023 1715 1278 1796 μεμαὼς
1324 1714 1414 1781 ὥς
1456 1735 1526 1780 τε
1571 1715 1698 1798 λίς,
1744 1713 1813 1779 ἐκ
1857 1714 1915 1779 δ’
1957 1713 2083 1793 ἀρα
2127 1716 2341 1794 χειρὸς

426 1820 553 1880 240
594 1817 939 1882 ςπάςςατο·
982 1818 1098 1882 τὸν
1143 1816 1201 1882 δ’
1245 1816 1392 1896 ἄορι
1434 1816 1620 1896 πλῆξ’
1661 1815 1936 1899 αὐχένα,
1980 1818 2127 1880 λῦςε
2174 1817 2246 1882 δὲ
2289 1821 2456 1893 γυῖα.

594 1918 683 1983 ὣς
727 1919 766 1983 ὃ
811 1920 927 1998 μὲν
970 1917 1114 1983 αὖθι
1155 1920 1371 1985 πεςὼν
1415 1918 1755 1997 κοιμήςατο
1800 1917 2075 1997 χάλκεον
2122 1916 2332 1983 ὕπνον

594 2019 874 2103 οἰκτράς,
917 2020 1051 2085 ἀπὸ
1096 2023 1369 2101 μνηςτῆς
1413 2019 1692 2102 ἀλόχου,
1736 2019 2010 2085 ἀςτοῑςιν
2055 2018 2343 2102 ἀρήγων,

594 2120 943 2203 κουριδίης,
987 2120 1063 2201 ἦς
1109 2121 1188 2188 οὔ
1232 2142 1291 2186 τι
1335 2122 1521 2200 χάριν
1565 2121 1694 2203 ἴδε,
1741 2121 1955 2186 πολλὰ
1999 2121 2055 2185 δ’
2099 2121 2332 2188 ἔδωκε·

593 2223 794 2301 πρῶθ’
847 2223 1078 2289 ἑκατὸν
1122 2226 1277 2308 βοῦς
1320 2227 1562 2308 δῶκεν,
1606 2222 1826 2288 ἔπειτα
1868 2223 1939 2287 δὲ
1983 2223 2126 2302 χίλι’
2170 2222 2426 2307 ὑπέςτη,

425 2326 548 2387 245
593 2322 779 2400 αἶγας
822 2324 988 2405 ὁμοῦ
1033 2325 1136 2389 καὶ
1179 2322 1305 2408 ὄις,
1349 2325 1428 2389 τά
1471 2324 1536 2390 οἱ
1581 2323 1820 2390 ἄςπετα
1862 2324 2303 2405 ποιμαίνοντο.

591 2427 668 2506 δὴ
712 2426 856 2491 τότε
899 2425 960 2502 γ’
1003 2425 1317 2505 Ἀτρείδης
1361 2426 1772 2507 Ἀγαμέμνων
1817 2425 2151 2510 ἐξενάριξε,

590 2531 667 2607 βῆ
714 2529 786 2593 δὲ
829 2529 1055 2609 φέρων
1100 2529 1204 2594 ἀν’
1247 2526 1476 2608 ὅμιλον
1521 2529 1792 2608 Ἀχαιῶν
1836 2529 2068 2609 τεύχεα
2112 2529 2289 2594 καλά.

757 2630 875 2695 τὸν
921 2631 980 2695 δ’
1022 2629 1113 2696 ὡς
1157 2628 1276 2696 οὐν
1322 2630 1546 2709 ἐνόηςε
1595 2630 1803 2712 Κόων,
1847 2630 2236 2709 ἀριδείκετος
2284 2630 2561 2711 ἀνδρῶν,

590 2733 1017 2812 πρεςβυγενὴς
1061 2731 1538 2815 Ἀντηνορίδης,
1583 2731 1893 2811 κρατερόν
1940 2732 2021 2811 ῥά
2066 2732 2097 2796 ἑ
2141 2733 2379 2798 πένθος

420 2838 547 2897 250
588 2833 971 2914 ὀφθαλμοὺς
1016 2833 1298 2913 ἐκάλυψε
1343 2833 1746 2912 καςιγνήτοιο
1789 2833 2115 2900 πεςόντος.

586 2939 694 3014 ςτῆ
740 2937 798 3000 δ’
840 2936 1033 3016 εὐρὰξ
1078 2936 1190 3000 ςύν
1235 2935 1419 3015 δουρὶ
1466 2935 1683 3001 λαθὼν
1730 2935 2168 3019 Ἀγαμέμνονα
2210 2939 2379 3020 δῖον,

552 3151 621 3208 V.
661 3172 708 3206 ι..
776 3159 875 3207 22Ί
914 3170 1055 3220 μετα
1090 3152 1200 3207 AL.
1250 3185 1310 3192 --
1358 3160 1459 3208 228
1494 3153 1828 3248 δωὲαίᾶκα
1868 3152 2025 3209 ACG.
2071 3184 2129 3192 -
2178 3159 2279 3208 230
2314 3155 2348 3209 ὃ
2383 3154 2695 3212 ACDGHL.

416 3253 533 3342 ἐὼν
569 3286 688 3342 ΑΗ.
727 3318 790 3329 -
827 3296 921 3344 231
962 3290 1025 3344 sc
1061 3289 1131 3357 ῥα
1167 3268 1278 3343 m..
1312 3271 1511 3345 ἀντιοὲ
1546 3287 1612 3343 A.
1647 3290 1790 3355 ῆιοε
1815 3288 1882 3342 D.
1917 3318 1984 3327 -
2018 3294 2119 3343 232
2153 3287 2494 3343 on’CGflL.
2531 3292 2700 3347 ἐπαι-

415 3358 662 3422 λήλοιςιν
698 3356 770 3411 Α.·
796 3386 866 3396 -
899 3365 998 3410 233
1036 3374 1150 3425 παρ
1177 3357 1223 3411 D
1249 3372 1352 3427 pro
1388 3359 1579 3426 παραὶ.
1620 3388 1681 3397 -
1717 3364 1817 3411 234
1854 3358 1997 3411 κατὰ
2032 3358 2228 3426 θώνην
2252 3356 2312 3411 L.
2350 3359 2605 3426 θώρακος
2633 3360 2698 3415 G.

412 3425 607 3492 ἔνερθε
655 3422 792 3478 ACE
829 3424 1012 3494 Apoll.
1049 3423 1179 3478 Lex.
1214 3431 1305 3490 81,
1351 3432 1426 3477 14.
1472 3453 1540 3465 -
1583 3432 1685 3488 235
1719 3427 1809 3480 ἐπι
1844 3423 1910 3478 D.
1955 3427 2153 3492 ἐρειςε;
2191 3427 2352 3493 ἔρυκε
2390 3425 2449 3482 L.
2498 3458 2557 3467 -
2599 3435 2698 3483 236

416 3490 728 3551 παναίολον
764 3493 829 3545 A.
871 3523 932 3532 --
974 3498 1073 3546 237
1112 3495 1339 3559 μόλιβος
1374 3491 1670 3547 ACDEHL
1704 3492 1887 3562 Apoll.
1923 3492 2052 3547 Lex.
2096 3499 2172 3558 15,
2217 3500 2291 3548 13.
2337 3497 2612 3561 μόλυβδος
2649 3497 2695 3549 G

413 3611 482 3649 ex
504 3565 667 3649 ἴση.
704 3593 861 3648 Vrat.
899 3596 968 3650 A.
1024 3596 1103 3648 ὡς
1149 3593 1266 3648 AD.
1321 3624 1385 3633 -—
1439 3599 1540 3649 238
1583 3596 1723 3663 τότε
1766 3592 1816 3646 D
1857 3601 1901 3648 1.
1944 3610 2112 3659 man..
2156 3612 2304 3649 nunc
2350 3598 2503 3662 τόγε.
2560 3600 2696 3665 εὐρὺ

413 3680 445 3716 κ
514 3663 621 3717 ίων
655 3663 721 3716 A.
756 3692 822 3701 -—
859 3668 959 3716 239
995 3663 1089 3717 ἐπί
1131 3662 1186 3717 οἱ
1219 3661 1265 3714 Ε
1299 3668 1416 3727 840,
1452 3667 1519 3716 64
1554 3661 1625 3716 H.
1669 3664 1760 3716 ἐπι
1794 3662 1849 3717 οἱ
1882 3659 1952 3715 D.
1988 3665 2069 3716 λῖς
2107 3661 2163 3716 S.
2212 3694 2278 3702 —
2313 3669 2414 3717 240
2448 3667 2696 3720 ςπάςατο

457 3729 624 3785 DEG.
661 3761 730 3770 —
765 3735 859 3783 241
900 3730 980 3784 ώς
1017 3729 1114 3783 AD
1155 3739 1201 3785 1.
1237 3746 1384 3783 man.
1419 3729 1482 3784 Ε.
1518 3731 1551 3785 ὃ
1589 3731 1690 3796 μὲν
1715 3730 1775 3784 C.
1818 3766 1875 3774 -
1910 3736 2009 3783 242
2044 3732 2160 3784 ἀπο
2194 3730 2287 3785 OD
2316 3737 2363 3783 2.
2388 3748 2536 3786 man.
2568 3736 2699 3801 post

411 3815 517 3852 ran.
561 3797 729 3853 EGH.
776 3798 1004 3863 ἀλόχοιο
1040 3796 1099 3852 C.
1145 3828 1210 3837 —
1256 3804 1357 3853 243
1389 3798 1550 3865 χάριν
1593 3800 1714 3853 οἶδε
1760 3797 1873 3853 CH.
1914 3799 2093 3852 ἔδωκε
2130 3796 2445 3853 ACDEGH.
2494 3828 2561 3839 -
2594 3805 2695 3854 244

409 3868 625 3922 ἔδωκεν
660 3865 728 3920 G.
764 3896 827 3904 —
863 3872 964 3919 245
998 3868 1120 3920 ὁϊας
1156 3863 1214 3924 C.
1251 3901 1317 3910 -
1352 3871 1454 3919 246
1487 3867 1766 3934 ἐξενάριξε
1791 3864 1953 3920 ACG.
1990 3902 2055 3910 -
2091 3872 2189 3920 247
2225 3868 2296 3920 ἀν
2319 3866 2386 3920 A.
2422 3868 2695 3933 ἀνόμιλον

410 3932 477 3988 D.
518 3965 576 3974 -
614 3940 716 3989 248
750 3934 1090 4032 ἀριδείκετος
1125 3936 1192 3989 A.
1229 3963 1294 3973 —-
1329 3938 1430 3989 249
1464 3936 1742 4003 κρατερὸν
1776 3936 1901 4002 ῥαοι
1936 3932 2005 3987 Η.
2044 3934 2114 4002 ρὰ
2149 3935 2388 3990 ἕπενθος
2425 3933 2491 3994 G.

545 4137 612 4192 A.
647 4155 694 4191 c.
751 4143 854 4193 230
888 4140 1054 4204 διχῶς
1090 4140 1182 4193 καὶ
1217 4138 1333 4192 ἐών
1370 4140 1460 4192 καὶ
1498 4138 1604 4192 ίών
1628 4137 1972 4206 Didymus.
2011 4166 2077 4176 --
2109 4144 2209 4193 239
2245 4137 2302 4192 οῖ
2326 4136 2692 4193 Herodianus.

409 4204 764 4260 Aristarchus
806 4205 916 4261 λίςε
953 4208 1037 4261 λ1ς
1072 4205 1365 4272 Aeuom-ie,
1410 4206 1554 4260 conf.
1590 4204 1747 4263 Euat.
1783 4212 1908 4272 841,
1945 4212 2028 4264 23.
2068 4237 2132 4245 -
2177 4210 2270 4260 251
2314 4208 2481 4275 εὐρὰξ
2518 4206 2691 4263 Hero·

407 4273 633 4341 dianus,
670 4272 815 4330 conf.
849 4271 1003 4329 Eust-
1037 4279 1155 4341 842,
1188 4280 1273 4330 43.
