3144 5006
1198 428 1535 512 muAAoss
1593 426 1796 483 xxm.
2525 425 2641 490 351

704 582 906 662 αὐτὰρ
949 583 1268 661 Πηλείδης
1313 585 1505 659 θῆκεν
1553 581 1749 648 ςόλον
1794 579 2250 663 αὐτοχόωνον,

529 683 609 747 ὃν
653 685 805 763 πρὶν
851 685 965 763 μὲν
1012 682 1305 763 ῥίπταςκε
1352 684 1512 763 μέγα
1557 683 1779 748 ςθένος
1823 682 2203 747 Ἠετίωνος·

529 786 671 851 ἀλλ’
712 786 751 865 ἦ
797 807 899 851 τοι
942 786 1060 851 τὸν
1105 785 1352 866 ἔπεφνε
1395 785 1725 863 ποδάρκης
1770 787 1910 850 δῖος
1954 782 2308 867 Ἀχιλλεύς,

529 889 647 954 τὸν
692 888 749 952 δ’
794 887 967 964 ἄγετ’
1012 887 1082 952 ἐν
1126 888 1335 966 νήεςςι
1379 887 1493 952 ςὺν
1538 886 1783 953 ἄλλοιςι
1830 886 2159 951 κτεάτεςςι.

355 993 488 1053 830
531 992 640 1067 ςτῆ
687 990 743 1054 δ’
788 988 983 1070 ὀρθὸς
1028 989 1130 1053 καὶ
1173 992 1375 1069 μῦθον
1419 989 1490 1053 ἐν
1536 988 1905 1068 Ἀργείοιςιν
1950 988 2195 1053 ἔειπεν·

708 1088 963 1170 ὄρνυςθ’
1006 1090 1070 1155 οἳ
1116 1091 1216 1155 καὶ
1259 1090 1497 1155 τούτου
1542 1090 1782 1155 ἀέθλου
1828 1091 2223 1169 πειρήςεςθε·

531 1191 590 1257 εἴ
634 1192 695 1258 οἱ
739 1192 841 1257 καὶ
884 1193 1054 1274 μάλα
1097 1194 1348 1258 πολλὸν
1393 1191 1719 1271 ἀπόπροθι
1764 1194 1987 1258 πίονες
2031 1190 2253 1274 ἀγροί,

538 1294 661 1361 ἕξει
706 1315 810 1375 μιν
854 1295 959 1360 καὶ
1000 1295 1194 1359 πέντε
1240 1294 1756 1375 περιπλομένους
1801 1293 2135 1359 ἐνιαυτοὺς

529 1396 925 1476 χρεώμενος·
972 1395 1052 1461 οὐ
1097 1397 1213 1476 μὲν
1257 1396 1382 1475 γάρ
1427 1394 1489 1460 οἱ
1532 1395 1961 1476 ἀτεμβόμενός
2003 1415 2077 1471 γε
2121 1393 2383 1473 ςιδήρου

362 1502 490 1561 835
535 1500 777 1579 ποιμὴν
823 1498 962 1563 οὐδ’
1006 1497 1249 1577 ἀροτὴρ
1295 1496 1409 1563 εἶς’
1452 1497 1517 1562 ἐς
1564 1498 1785 1581 πόλιν,
1831 1495 1997 1561 ἀλλὰ
2040 1496 2318 1576 παρέξει.

707 1600 796 1665 ὣς
840 1600 1049 1683 ἔφατ’,
1109 1598 1284 1680 ὦρτο
1330 1599 1386 1662 δ’
1431 1598 1652 1664 ἔπειτα
1695 1599 2167 1679 μενεπτόλεμος
2210 1596 2654 1676 Πολυποίτης,

532 1702 612 1766 ἂν
660 1701 733 1767 δὲ
777 1701 1101 1779 Λεοντῆος
1149 1702 1461 1781 κρατερὸν
1500 1702 1701 1780 μένος
1745 1701 2094 1776 ἀντιθέοιο,

534 1804 615 1868 ἂν
661 1804 717 1869 δ’
761 1802 914 1868 Αἴας
958 1801 1456 1883 Τελαμωνιάδης
1500 1804 1603 1866 καὶ
1647 1805 1786 1868 δῖος
1828 1801 2089 1867 Ἐπειός.

535 1904 733 1984 ἑξείης
778 1907 834 1968 δ’
874 1904 1166 1982 ἵςταντο,
1215 1904 1410 1970 ςόλον
1456 1905 1512 1968 δ’
1558 1904 1662 1968 ἕλε
1710 1907 1851 1969 δῖος
1895 1904 2170 1979 Ἐπειός,

358 2010 488 2070 840
529 2005 641 2086 ἧκε
687 2009 760 2072 δὲ
805 2009 1091 2087 δινήςας·
1139 2006 1414 2083 γέλαςαν
1460 2007 1516 2070 δ’
1559 2006 1665 2070 ἐπὶ
1707 2006 1944 2072 πάντες
1987 2004 2246 2085 Ἀχαιοί.

530 2108 830 2189 δεύτερος
876 2106 1016 2172 αὖτ’
1060 2107 1306 2188 ἀφέηκε
1350 2108 1693 2185 Λεοντεύς,
1739 2107 1891 2174 ὄζος
1933 2108 2196 2187 Ἄρηος·

531 2211 607 2275 τὸ
650 2213 866 2290 τρίτον
912 2209 1052 2275 αὖτ’
1096 2209 1323 2291 ἔῤῥιψε
1369 2211 1565 2290 μέγας
1610 2210 2023 2291 Τελαμώνιος
2066 2207 2219 2274 Αἶας

528 2313 741 2391 χειρὸς
786 2311 919 2377 ἄπο
965 2315 1289 2393 ςτιβαρῆς,
1336 2313 1437 2376 καὶ
1482 2310 1803 2392 ὑπέρβαλε
1849 2311 2089 2391 ςήματα
2132 2310 2415 2376 πάντων.

531 2412 674 2478 ἀλλ’
719 2412 827 2479 ὅτε
873 2415 951 2494 δὴ
997 2414 1194 2480 ςόλον
1240 2411 1373 2479 εἷλε
1418 2414 1894 2494 μενεπτόλεμος
1935 2410 2381 2492 Πολυποίτης,

362 2520 483 2579 845
532 2515 724 2604 ὅςςόν
763 2516 854 2582 τίς
896 2516 952 2580 τ’
995 2515 1219 2597 ἔῤῥιψε
1264 2516 1646 2596 καλαύροπα
1690 2516 2004 2598 βουκόλος
2049 2515 2246 2595 ἀνήρ·

533 2619 573 2697 ἣ
618 2618 689 2683 δέ
733 2619 790 2682 θ’
833 2618 1201 2698 ἑλιςςομένη
1246 2619 1502 2684 πέτεται
1548 2619 1654 2683 διὰ
1700 2622 1855 2698 βοῦς
1900 2617 2228 2695 ἀγελαίας·

528 2719 756 2785 τόςςον
799 2720 1044 2785 παντὸς
1089 2719 1346 2797 ἀγῶνος
1391 2719 1739 2801 ὑπέρβαλε·
1782 2722 1884 2785 τοὶ
1928 2723 1999 2785 δὲ
2045 2719 2299 2801 βόηςαν.

528 2822 872 2887 ἀνςτάντες
919 2823 975 2887 δ’
1020 2822 1236 2901 ἕταροι
1278 2822 1702 2887 Πολυποίταο
1745 2825 2087 2901 κρατεροῖο

527 2927 687 3002 νῆας
732 2923 837 2988 ἔπι
878 2925 1217 3005 γλαφυρὰς
1262 2923 1507 3005 ἔφερον
1555 2927 1855 3004 βαςιλῆος
1899 2921 2157 2988 ἄεθλον.

361 3029 490 3090 850
707 3025 908 3105 αὐτὰρ
954 3027 991 3091 ὃ
1036 3031 1360 3109 τοξευτῇςι
1405 3026 1558 3091 τίθει
1607 3026 1821 3091 ἰόεντα
1867 3026 2158 3107 ςίδηρον,

494 3261 564 3319 V.
600 3282 652 3315 L.
720 3267 820 3316 826
856 3267 994 3330 θῆκε
1041 3262 1133 3318 CD
1177 3262 1338 3322 Vrat.
1391 3266 1458 3317 A.
1506 3264 1876 3333 αὐτοχόωνον
1911 3263 1980 3321 A.
2027 3293 2092 3302 ·-—
2139 3267 2237 3317 827
2284 3262 2388 3315 τὸν
2434 3264 2567 3330 πρὶν
2602 3262 2647 3315 Ε

364 3362 579 3417 Townl.
615 3364 684 3417 ὃν
708 3366 839 3431 περὶ
876 3366 977 3429 μὲν
1001 3363 1069 3418 Η.
1108 3394 1171 3404 —-
1206 3369 1307 3419 828
1342 3367 1529 3430 πέφνε
1554 3363 1599 3416 L
1634 3364 1774 3418 Mor.
1812 3365 2033 3431 ἀχῑλεύς
2060 3364 2120 3423 C.
2155 3395 2223 3404 --
2257 3369 2357 3418 829
2393 3366 2444 3417 δ’
2481 3366 2648 3431 ἄγαγ’

361 3429 397 3484 S
432 3429 589 3483 Harl.
625 3434 906 3486 κτεάτεςςι
950 3431 1267 3486 AGDEGH.
1312 3464 1370 3472 -
1414 3438 1513 3486 831
1552 3434 1901 3500 πειρήςαιςθε
1937 3431 2006 3486 D.
2050 3464 2115 3473 —-
2162 3438 2262 3487 835
2298 3433 2542 3504 πυρέξας
2578 3432 2645 3488 Η.

363 3529 425 3537 —-
463 3502 562 3553 836
601 3500 679 3553 ὠς
715 3502 783 3552 A.
820 3529 886 3538 —
921 3505 1020 3554 837
1058 3500 1127 3553 ἀν
1164 3498 1330 3556 CDH.
1369 3503 1645 3568 καρτερὸν
1680 3500 1726 3553 Ε
1767 3508 1913 3565 1332,
1948 3507 2040 3566 29;
2078 3500 2176 3555 sed
2214 3508 2345 3556 1332
2402 3507 2469 3556 38
2518 3518 2645 3569 κρα-

358 3567 546 3634 τερόν.
583 3595 647 3606 -
683 3571 784 3622 838
819 3567 890 3620 ἀν
927 3566 1090 3621 CDH.
1130 3596 1191 3606 -
1230 3573 1326 3622 841
1365 3570 1632 3636 δεύτερον
1665 3567 1824 3622 Vrat.
1863 3568 1916 3622 d.
1955 3572 2022 3622 A.
2059 3570 2163 3636 ἐφέ
2206 3586 2268 3623 κε
2305 3541 2464 3627 V'rat.
2497 3570 2554 3626 b.
2581 3599 2646 3609 ——

360 3640 458 3688 842
496 3636 547 3688 δ’
580 3636 653 3689 αὖ
689 3632 752 3687 Ε.
791 3637 951 3702 ἔριψε
986 3637 1037 3688 A
1069 3635 1218 3705 Lips.
1256 3666 1320 3675 —
1357 3640 1458 3690 843
1474 3637 1610 3771 ‘gub
1645 3634 1912 3693 DEGHL.
1950 3638 2138 3691 πάντα
2214 3636 2276 3692 L.
2312 3635 2460 3705 Lips.
2499 3636 2649 3693 Flor.

357 3771 543 3824 πάντα
577 3772 613 3838 ἢ
659 3771 899 3826 πάντων
945 3771 1008 3825 Ε.
1053 3802 1119 3811 -
1163 3778 1263 3827 844
1306 3774 1403 3827 ὅτε
1451 3774 1554 3838 μὲν
1591 3774 1654 3826 A.
1706 3773 1800 3827 ὅτε
1854 3775 1957 3840 μὲν
1993 3773 2153 3827 Vrat.
2191 3773 2246 3826 b.
2293 3775 2493 3837 ἔλλαβε
2541 3789 2644 3842 pro

359 3839 473 3893 εἷλε
509 3838 568 3892 L.
607 3869 672 3878 —
708 3844 808 3893 815
844 3841 1009 3894 ὅςςόν
1043 3857 1126 3894 τις
1162 3842 1223 3910 ἔρ
1260 3858 1353 3906 ιψε
1392 3842 1454 3894 A.
1502 3842 1661 3908 ἔριψε
1704 3839 1772 3894 Li
1813 3858 1855 3894 s,
1893 3858 2119 3895 versum
2164 3840 2347 3894 omitt.
2385 3840 2542 3898 Vrat.
2590 3841 2644 3897 d.

358 3935 421 3946 -—
458 3912 557 3961 846
599 3908 635 3973 ἡ
674 3909 735 3962 δέ
771 3909 825 3961 τ’
855 3909 1137 3974 ἑλιςςομέν
1312 3954 1324 3967 .
1368 3910 1404 3975 ἡ
1453 3910 1514 3963 δέ
1550 3858 1871 3977 ὲλιςςομξνη
1920 3908 1977 3963 C.
2026 3911 2128 3976 ἠδέ
2170 3910 2530 3977 τελιςςομένη
2577 3908 2643 3963 D.

360 3977 395 4041 ἡ
431 3976 493 4029 δέ
517 3977 570 4030 θ’
604 3977 927 4044 ἑλιςςομένη
953 3976 1015 4034 Α.
1053 3927 1230 4031 διαἾ).
1257 4007 1321 4016 -
1346 3981 1446 4030 8⁴⁷
1470 3977 1621 4031 τοίὸε
1648 3978 1858 4044 βόηςαν
1883 3976 1960 4030 H=
1999 3976 2176 4032 ceteri
2200 3980 2289 4030 τοὶ
2314 3978 2366 4030 δ’
2389 3978 2486 4041 ἐβό
2527 3994 2642 4035 ςαν,

359 4078 422 4087 -
458 4048 559 4097 848
594 4045 950 4099 πολυπύτοιο
988 4042 1043 4098 0.
1078 4045 1450 4099 πολυποίτοιο
1489 4043 1525 4098 S
1563 4044 1723 4098 Cant.
1763 4045 1921 4102 Vrat.
1958 4045 2011 4101 d.
2050 4075 2114 4084 —-
2165 4050 2265 4098 849
2300 4045 2394 4099 ἐπὶ
2430 4045 2480 4098 A
2532 4044 2641 4097 HL.

359 4112 449 4165 ἐπι
483 4108 604 4166 DG.
645 4143 709 4152 —
744 4118 844 4167 850
881 4112 913 4166 δ
951 4111 1259 4166 ACDGHL.
1299 4113 1462 4166 ἰόντα
1497 4112 1724 4182 ςίδηρον
1760 4111 1829 4169 G.

361 4313 668 4439 “unffi-egb
715 4322 815 4371 843
851 4317 1148 4374 ἀθετεῖται.
1184 4319 1591 4386 μετενήνεκται
1633 4317 1694 4373 ἐκ
1729 4323 1834 4387 τῆς
1871 4298 2183 4374 Ὀδύςςείας
2232 4320 2287 4388 (θ
2326 4319 2448 4386 192)
2493 4316 2643 4372 Ari-
