3144 5006
468 326 595 396 356
1392 334 1730 391 ιΛιΑΔος
1788 335 1849 387 Ω.

643 484 719 548 ὃς
763 484 1035 551 νείκεςςε
1079 487 1263 569 θεάς,
1309 485 1420 552 ὅτε
1466 487 1525 553 οἱ
1568 488 1923 567 μέςςαυλον
1963 486 2224 570 ἵκοντο,

514 592 597 649 30
640 588 757 666 τὴν
802 587 859 651 δ’
903 587 1102 670 ᾔνης’,
1148 587 1186 666 ἥ
1234 586 1297 652 οἱ
1339 590 1502 669 πόρε
1547 590 1957 670 μαχλοςύνην
2001 588 2367 668 ἀλεγεινήν.

643 687 784 762 ἀλλ’
828 688 939 754 ὅτε
985 690 1063 769 δή
1111 688 1169 768 ῥ’
1213 689 1283 755 ἐκ
1326 694 1467 755 τοῖο
1512 692 1880 770 δυωδεκάτη
1925 690 2130 767 γένετ’
2173 691 2346 773 ἠώς,

641 791 743 855 καὶ
786 789 919 855 τότ’
963 790 1065 870 ἄρ’
1110 791 1480 858 ἀθανάτοιο
1524 793 1807 873 μετηύδα
1849 794 2091 875 Φοῖβος
2136 793 2521 857 Ἀπόλλων·

818 893 1092 972 ςχέτλιοί
1136 894 1272 959 ἐςτε
1317 893 1484 977 θεοί,
1529 895 1917 975 δηλήμονες·
1966 894 2046 959 οὔ
2091 894 2171 959 νύ
2217 893 2371 959 ποθ’
2417 893 2580 973 ὕμιν

641 996 883 1073 Ἕκτωρ
927 996 1095 1076 μηρί’
1140 995 1282 1074 ἔκηε
1329 1001 1504 1077 βοῶν
1549 995 1749 1073 αἰγῶν
1794 1018 1864 1062 τε
1907 996 2200 1068 τελείων;

517 1102 597 1158 35
648 1097 766 1160 τὸν
812 1100 931 1161 νῦν
977 1097 1099 1161 οὐκ
1144 1096 1363 1177 ἔτλητε
1408 1099 1601 1164 νέκυν
1648 1119 1768 1179 περ
1814 1098 2010 1164 ἐόντα
2053 1104 2288 1163 ςαῶςαι

639 1199 678 1281 ᾖ
722 1197 780 1261 τ’
824 1198 1044 1282 ἀλόχῳ
1090 1197 1284 1265 ἰδέειν
1329 1201 1431 1263 καὶ
1474 1200 1691 1280 μητέρι
1736 1202 1840 1265 καὶ
1881 1201 2048 1265 τέκεϊ
2092 1200 2145 1283 ᾧ

645 1300 747 1364 καὶ
789 1300 1017 1378 πατέρι
1062 1300 1332 1386 Πριάμῳ
1379 1303 1586 1367 λαοῑςί
1628 1322 1729 1380 τε,
1776 1301 1874 1366 τοί
1919 1302 1988 1366 κε’
2031 1322 2135 1381 μιν
2180 1300 2318 1364 ὦκα

643 1401 713 1466 ἐν
757 1402 911 1480 πυρὶ
955 1401 1170 1479 κήαιεν
1218 1404 1319 1467 καὶ
1363 1403 1469 1468 ἐπὶ
1511 1405 1738 1484 κτέρεα
1781 1403 2140 1482 κτερίςαιεν.

640 1502 781 1567 ἀλλ’
825 1502 1004 1588 ὀλοῷ
1050 1504 1286 1584 Ἀχιλῆι
1330 1505 1464 1570 θεοὶ
1510 1505 1798 1586 βούλεςθ’
1842 1505 2217 1584 ἐπαρήγειν,

512 1611 597 1666 40
643 1605 696 1689 ᾧ
744 1604 879 1670 οὔτ’
923 1605 1003 1684 ἂρ
1050 1607 1286 1687 φρένες
1332 1607 1482 1673 εἰςίν
1528 1606 1835 1687 ἐναίςιμοι
1880 1606 2032 1672 οὔτε
2075 1607 2285 1686 νόημα

638 1708 975 1787 γναμπτὸν
1020 1707 1116 1775 ἐνὶ
1160 1710 1471 1792 ςτήθεςςι,
1518 1709 1690 1773 λέων
1735 1710 1792 1773 δ’
1837 1710 1928 1772 ὣς
1973 1708 2162 1789 ἄγρια
2205 1707 2416 1784 οἶδεν,

652 1807 726 1874 ὅς
770 1809 825 1873 τ’
868 1809 1006 1874 ἐπεὶ
1051 1810 1132 1890 ἂρ
1177 1811 1420 1895 μεγάλῃ
1463 1831 1534 1875 τε
1581 1811 1678 1894 βίῃ
1724 1812 1824 1875 καὶ
1867 1809 2137 1889 ἀγήνορι
2180 1816 2361 1894 θυμῶ

645 1909 815 1976 εἴξας
859 1909 973 1976 εἷς’
1015 1911 1122 1976 ἐπὶ
1164 1915 1331 1993 μῆλα
1376 1916 1661 1994 βροτῶν,
1705 1912 1816 1978 ἵνα
1859 1916 2045 1977 δαῖτα
2088 1912 2414 1996 λάβῃςιν·.

645 2014 734 2078 ῶς
778 2013 1062 2092 Ἀχιλεὺς
1109 2012 1296 2079 ἔλεον
1341 2016 1455 2093 μὲν
1502 2008 2072 2092 ἀπώλεςεν,ὀύδε’
2115 2013 2177 2078 οἱ
2222 2013 2421 2078 αἰδὼς

518 2121 599 2177 45
645 2116 960 2192 γίγνεται,
1004 2114 1044 2193 ἥ
1087 2115 1143 2178 τ’
1186 2114 1428 2196 ἄνδρας
1471 2116 1635 2195 μέγα
1677 2116 1908 2183 ςίνεται
1951 2115 2052 2194 ἠδ’
2096 2114 2358 2194 ὀνίνηςι.

643 2217 857 2298 μέλλει
903 2215 1019 2295 μέν
1064 2215 1193 2280 πού
1239 2237 1331 2282 τις
1377 2219 1477 2282 καὶ
1521 2218 1830 2299 φίλτερον
1875 2217 2079 2283 ἄλλον
2126 2216 2406 2294 ὀλέςςαι,

642 2317 717 2396 ἠὲ
761 2318 1138 2395 καςίγνητον
1185 2318 1612 2399 ὁμογάςτριον
1657 2319 1733 2398 ἠὲ
1778 2321 1881 2384 καὶ
1924 2319 2097 2385 υἱόν·

644 2421 787 2486 ἀλλ’
831 2418 869 2498 ἦ
913 2440 1013 2484 τοι
1058 2420 1330 2486 κλαύςας
1373 2423 1478 2488 καὶ
1522 2421 1925 2501 ὀδυράμενος
1967 2422 2258 2502 μεθέηκε·

604 2622 672 2683 V,
711 2643 759 2679 1..
828 2629 895 2677 29
930 2625 1029 2678 ὅτέ
1074 2624 1129 2679 οἱ
1165 2624 1223 2678 C.
1271 2627 1546 2690 μέςαυλον
1582 2624 1752 2678 DEH.
1800 2655 1864 2664 —
1909 2632 1976 2679 30
2010 2625 2185 2691 ἦινες’
2220 2624 2330 2679 CD.
2375 2625 2565 2692 ᾔνεςς’
2599 2624 2778 2679 Mose.

469 2699 520 2748 2.
557 2708 645 2759 γρ.
681 2695 718 2759 ἥ
755 2691 809 2746 01
853 2694 1218 2760 κεχαριςμένα
1263 2696 1344 2747 δῶ
1388 2696 1401 2713 ’
1444 2694 1729 2762 ὀνόμηνεν
1774 2694 1850 2759 A,
1895 2691 2041 2747 conf.
2086 2691 2239 2746 Euat.
2292 2698 2439 2758 1337,
2477 2698 2562 2746 35.
2602 2722 2677 2733 -
2714 2699 2777 2747 31

470 2762 797 2829 δυωδεκάτη
836 2761 895 2814 C.
943 2791 1001 2800 -—
1052 2767 1118 2815 32
1155 2762 1224 2829 ἂρ
1259 2760 1350 2815 AC
1408 2759 1519 2815 GL.
1558 2791 1623 2800 —
1668 2766 1734 2816 33
1780 2762 2016 2829 ςχέτλιςι
2060 2761 2184 2815 ἐςτὲ
2226 2758 2445 2815 DGHL.
2501 2762 2783 2816 οὐδέποθ’

470 2829 712 2917 Αῗῖἷῖτ.
751 2862 807 2915 d.
846 2863 976 2927 ὕμιν
1015 2862 1081 2917 Α.
1118 2865 1289 2931 ὔμμιν
1326 2862 1379 2916 H
1415 2863 1575 2917 Cant.
1611 2862 1766 2917 Harl.
1808 2862 1994 2917 Tzetz.
2033 2861 2216 2932 Mleg.
2250 2868 2335 2920 40.
2371 2865 2545 2930 ὑμμῖν
2583 2861 2642 2917 S.
2685 2881 2780 2930 γρ.

470 2934 538 2986 οὔ
576 2934 646 2986 νύ
691 2932 824 2986 ποθ’
869 2932 1002 2998 ὕμιν
1038 2931 1105 2990 A.
1160 2962 1225 2970 —-
1280 2937 1345 2987 35
1390 2937 1475 3001 τῷ
1522 2936 1627 2985 νῦν
1675 2929 1769 2985 GL
1819 2936 1951 2997 (τῶ)
1990 2929 2147 2985 Vrat.
2193 2931 2251 2983 d.
2294 2929 2465 2984 Mose.
2512 2936 2560 2988 2.
2598 2960 2673 2971 —
2712 2935 2780 2984 36

472 3003 639 3069 μητρὶ
675 2998 734 3054 L.
771 3029 835 3039 -
879 3004 945 3053 37
982 3015 1097 3052 πατ
1136 3001 1152 3052 ἰ
1190 2998 1227 3053 S
1262 2998 1419 3053 Vrat.
1454 2999 1511 3052 d.
1555 3002 1731 3053 λαοῖςι
1766 3000 1830 3052 τὲ
1874 2997 1942 3056 Η.
1979 3029 2046 3037 -
2091 3004 2158 3052 38
2192 3004 2342 3067 πυρῆ
2380 3017 2413 3052 κ
2455 3015 2519 3051 εν
2554 2996 2624 3051 D.
2677 3002 2779 3065 κή-

470 3085 622 3123 ςαιεν
657 3067 805 3136 Lips.
853 3068 942 3121 ἐπι
986 3016 1142 3120 AD&
2415 3004 2578 3121 QHL
2615 3065 2779 3137 Lips.

470 3204 684 3261 Townl.
719 3202 860 3257 Mor.
898 3202 1055 3260 Vrat.
1095 3202 1149 3257 d.
1184 3205 1251 3257 A.
1285 3202 1447 3260 Rom.
1488 3233 1552 3244 -—
1588 3209 1655 3259 39
1691 3205 1914 3271 ἀχιλλῆῑ
1935 3203 2054 3257 DH.
2093 3203 2346 3268 βούλεςθ’
2381 3203 2462 3257 ῶς
2486 3166 2778 3268 τξαρήγειν

470 3272 540 3325 Η.
589 3302 652 3310 —-
705 3279 772 3325 40
816 3272 950 3325 οὔτε
997 3272 1203 3339 φρένες
1247 3271 1291 3324 L
1339 3271 1486 3341 Lips.
1522 3270 1681 3325 Vrat.
1716 3275 1782 3325 A.
1821 3302 1887 3311 —
1941 3277 2004 3325 41
2043 3271 2306 3341 γᾳμπτόν
2343 3269 2447 3327 CL.
2501 3274 2777 3337 γναπτὸν

469 3339 620 3408 Lips.
665 3340 747 3393 ἐνι
791 3339 856 3392 A.
903 3342 953 3392 δ’
997 3339 1181 3393 omitb.
1225 3339 1280 3394 S.
1335 3341 1486 3394 εἶδεν
1532 3338 1598 3392 Li
1641 3357 1683 3396 ε.
1728 3369 1797 3379 -
1851 3346 1920 3394 44
1963 3340 2224 3407 ἀχιλλεῠς
2270 3338 2336 3393 D.
2387 3341 2487 3404 μὲν
2532 3339 2779 3394 ἀπῶςεν

470 3408 539 3463 D.
604 3408 743 3461 αἰδῶ
796 3404 856 3458 L.
921 3406 1060 3461 αἰδὼ
1113 3407 1179 3461 Li
1222 3426 1262 3464 s,
1314 3436 1380 3446 —
1432 3412 1499 3462 45
1552 3425 1808 3474 γγνεται
1869 3406 1966 3461 AL
2018 3407 2083 3461 Li
2126 3425 2165 3461 e.
2267 3408 2444 3462 ίνεται
2498 3406 2776 3467 CDEGH.

470 3478 646 3544 ἄνδρα
682 3472 740 3529 C.
789 3473 1004 3543 ὀνίνηςι
1047 3475 1148 3528 AD
1204 3475 1272 3529 Η.
1319 3506 1383 3514 -
1427 3480 1494 3529 46
1539 3478 1642 3539 μέν
1686 3493 1800 3531 που
1844 3493 1928 3531 τις
1973 3474 2067 3530 AC
2122 3474 2207 3539 Η,
2264 3477 2377 3529 ant.
2427 3475 2578 3543 Lipe.
2624 3476 2776 3531 Mor.

470 3543 622 3597 Harl.
670 3542 829 3596 Vrat.
877 3544 943 3600 A.
989 3541 1137 3597 Flor.
1183 3542 1342 3597 Rom.
1388 3545 1495 3610 γάρ
1538 3561 1651 3598 που
1696 3561 1781 3599 τις
1826 3543 1873 3598 G
1912 3543 2069 3602 Vrat.
2115 3544 2169 3597 d.
2217 3543 2324 3610 γάρ
2368 3561 2482 3598 που
2529 3546 2635 3610 μέν
2679 3563 2776 3602 τις

471 3611 629 3666 Vrat.
669 3610 724 3669 b.
761 3610 930 3664 Mose.
967 3617 1016 3665 2.
1051 3612 1236 3666 ὀλέςαι
1272 3609 1320 3663 D
1356 3609 1504 3667 Flor.
1540 3642 1609 3650 -
1644 3618 1710 3667 47
1747 3617 1782 3679 ἢ
1821 3614 1912 3667 καὶ
1949 3612 2285 3680 καςίγνητον
2321 3611 2382 3671 Ε.
2417 3642 2485 3652 —-
2531 3618 2600 3667 48
2636 3616 2774 3681 ἦτοι

470 3679 617 3733 libri.
653 3680 996 3747 ὀδυρόμενος
1033 3678 1093 3734 E.
1132 3681 1411 3748 γράφεται
1448 3681 1538 3733 καὶ
1575 3682 1919 3747 ὀδυρόμενος
1954 3681 2019 3735 A.
2062 3682 2301 3748 μεθέηκε
2335 3678 2661 3740 ACDEGH.

1144 3065 1258 3121 HL.
1308 3067 1617 3135 κτερίςειαν
1664 3066 1752 3121 DS
1797 3066 1943 3121 Flor.
1990 3067 2297 3134 κτερίςαιεν
2331 3066 2425 3122 AC

794 3821 873 3829 ’ἡ

609 3888 671 3939 A.
709 3904 755 3943 c.
825 3892 908 3953 29,
955 3891 1023 3940 30
1066 3886 1204 3953 ἠθέτ
1244 3901 1399 3953 νται,
1446 3883 1591 3938 conf.
1636 3883 1999 3972 Pseudoplut.
2043 3852 2165 3952 302,
2213 3890 2298 3941 37.
2346 3915 2413 3925 --
2459 3893 2526 3941 30
2569 3887 2772 3943 ἀθετεῖ

474 3955 829 4022 Ἀρίςταρχος
877 3952 1061 4007 Schol.
1109 3955 1174 4006 A.
1268 3961 1373 4006 ust.
1426 3958 1572 4013 1337,
1619 3959 1705 4009 32.
1750 3970 1865 4019 παρ
1928 3955 1988 4007 Ἀ
2028 3955 2314 4021 ιςτοφάνει
2359 3952 2450 4008 καί
2492 3971 2597 4008 τιςι
2642 3962 2772 4010 τῶν

473 4026 812 4088 πολιτικῶν,
849 4024 885 4089 ἥ
922 4022 977 4076 οἱ
1013 4023 1380 4089 κεχαριςμένα
1415 4023 1551 4087 δῶρ’
1586 4022 1834 4090 ὀνόμηνε
1880 4019 1962 4074 Di
2018 4038 2229 4089 ymuS.
2275 4057 2342 4066 —
2387 4028 2453 4075 33
2489 4024 2619 4087 ὕμιν
2654 4024 2768 4077 He·

474 4090 737 4144 rodianus
772 4092 1114 4156 ἑγκλιτικῶς.
1155 4120 1218 4131 -
1255 4094 1321 4145 38
1358 4091 1512 4144 οὕτω
1560 4091 1649 4143 διὰ
1693 4094 1795 4144 τοῦ
1841 4092 1877 4143 ἃ
1919 4090 1955 4154 ἡ
2002 4092 2405 4157 παραλήγουςα
2454 4091 2769 4157 κτερίςαιεν

473 4157 818 4226 Didymus.
857 4188 922 4198 -
956 4164 1024 4212 42
1060 4160 1092 4212 ό
1139 4160 1263 4213 ἐπεὶ
1298 4158 1599 4223 ςύνδεεμος
1644 4160 1970 4225 περιςςεύει.
2017 4160 2093 4224 μή
2130 4174 2274 4213 ποτε
2309 4157 2397 4211 διά
2432 4164 2537 4212 τοῦ
2572 4164 2612 4227 ἦ
2648 4161 2769 4227 ἐγέ-

472 4242 692 4294 γραπτο
730 4228 848 4296 εῐξῃ
889 4224 1203 4285 Nicanor.
1240 4255 1306 4265 —
1339 4231 1407 4280 45
1443 4225 1755 4287 ἀθετεῑται,
1793 4228 1880 4280 ὅτι
1916 4227 1979 4280 ἐκ
2014 4230 2136 4279 τῶν
2174 4227 2427 4281 Ἣςιόδου
2463 4226 2591 4296 (Op.
2641 4234 2770 4295 316)

474 4296 877 4362 μετενήνεκται
915 4293 1369 4352 Aristonicus.
1408 4294 1498 4361 ἠδ’
1532 4292 1907 4348 Herodianus:
1945 4293 2042 4347 alii
2078 4296 2113 4362 ή
2151 4296 2218 4349 δ’.
