3144 5006
514 421 598 483 66
1441 424 1773 477 ιΛιΑΔυς
1834 426 1899 477 ο.

684 578 928 654 χλωροὶ
969 574 1099 639 ὑπὸ
1144 577 1389 659 δείους,
1435 576 1905 656 πεφοβημένοι,
1953 578 2180 656 ἔγρετο
2225 581 2299 642 δὲ
2341 578 2505 643 Ζεὺς

600 681 640 738 5
685 678 846 755 Ἴδης
891 679 963 743 ἐν
1009 685 1322 760 κορυφῇςι
1365 680 1542 755 παρὰ
1588 680 2033 757 χρυςοθρόνου
2075 680 2297 758 Ἥρης.

690 782 799 857 ςτῆ
846 781 901 843 δ’
945 778 1048 858 ἄρ’
1091 780 1386 861 ἀναΐξας,
1431 779 1528 843 ἴδε
1574 780 1647 843 δὲ
1690 781 1917 858 Τρῶας
1960 783 2060 845 καὶ
2106 782 2427 864 Ἀχαιούς,

682 881 835 945 τοὺς
877 883 995 960 μὲν
1040 880 1497 963 ὀρινομένους,
1540 883 1697 947 τοὺς
1740 886 1811 945 δὲ
1855 884 2247 947 κλονέοντας
2290 882 2551 947 ὄπιςθεν

683 983 1039 1066 Ἀργείους,
1085 987 1242 1061 μετὰ
1286 983 1356 1046 δέ
1401 1002 1512 1062 ςφι
1555 983 1979 1049 Ποςειδὰωνα
2021 984 2282 1050 ἄνακτα.

683 1085 955 1163 Ἕκτορα
997 1086 1055 1148 δ’
1100 1085 1172 1148 ἐν
1216 1085 1420 1166 πεδίῳ
1463 1083 1560 1147 ἴδε
1606 1087 1931 1164 κείμενον,
1977 1085 2140 1167 ἀμφὶ
2183 1088 2241 1150 δ’
2284 1086 2527 1165 ἑταῖροι

559 1192 640 1248 10
682 1187 868 1251 εἵαθ’·
918 1186 956 1248 ὃ
1002 1187 1060 1249 δ’
1103 1185 1400 1269 ἀργαλέῳ
1446 1187 1613 1264 ἔχετ’
1655 1186 1918 1267 ἄςθματι
1962 1192 2079 1267 κῆρ
2124 1188 2516 1263 ἀπινύςςων,

685 1287 814 1366 αἷμ’
855 1288 1094 1366 ἐμέων,
1141 1287 1280 1352 ἐπεὶ
1325 1287 1405 1352 οὔ
1448 1309 1552 1365 μιν
1600 1286 2054 1368 ἀφαυρότατος
2100 1289 2239 1369 βάλ’
2285 1291 2575 1368 Ἀχαιῶν.

599 1471 616 1484 .
686 1390 803 1453 τὸν
848 1391 922 1453 δὲ
966 1389 1122 1454 ἰδὼν
1166 1389 1381 1468 ἐλέηςε
1425 1391 1634 1468 πατὴρ
1679 1392 1943 1470 ἀνδρῶν
1987 1412 2055 1456 τε
2099 1397 2268 1456 θεῶν
2310 1412 2413 1465 τε,

689 1491 869 1555 δεινὰ
913 1492 970 1554 δ’
1014 1491 1268 1570 ὑπόδρα
1313 1491 1469 1557 ἰδὼν
1513 1491 1720 1569 Ἥρην
1764 1494 1929 1571 πρὸς
1973 1498 2176 1570 μῦθον
2220 1493 2468 1558 ἔειπεν·

855 1590 894 1670 ἦ
939 1593 1107 1671 μάλα
1150 1595 1228 1671 δὴ
1272 1593 1694 1676 κακότεχνος,
1738 1594 2058 1674 ἀμήχανε,
2101 1597 2211 1659 ςός
2256 1596 2484 1677 δόλος,
2512 1594 2724 1672 -Ἥρη,

557 1699 637 1756 15
680 1694 951 1773 Ἕκτορα
995 1699 1142 1759 δῖον
1185 1694 1418 1762 ἔπαυςε
1463 1694 1694 1775 μάχης,
1742 1696 2018 1777 ἑφόβηςε
2062 1699 2135 1761 δὲ
2180 1696 2394 1761 λαούς.
2698 1681 2706 1688 ’

681 1797 762 1860 οὐ
808 1800 933 1875 μὰν
979 1795 1125 1879 οἷδ’,
1170 1797 1223 1861 εἰ
1266 1796 1418 1860 αὖτε
1464 1797 1899 1879 κακορραφίης
1943 1798 2327 1875 ἀλεγεινῆς-ν

678 1899 900 1976 πρώτη
947 1898 1260 1977 ἐπαύρηαι
1305 1899 1407 1961 καί
1451 1918 1515 1962 ςε
1559 1901 1870 1982 πληγῇςιν
1915 1899 2168 1979 ἱμάςςω.

678 1998 716 2076 ἦ
763 1999 844 2062 οὐ
889 2001 1123 2083 μέμνῃ,
1168 1999 1277 2063 ὅτε
1321 1999 1379 2063 τ’
1421 2000 1668 2080 ἐκρέμω
1713 2001 1992 2080 ὑψόθεν,
2039 2000 2109 2065 ἐκ
2152 2002 2225 2065 δὲ
2267 2003 2527 2065 ποδοῖιν

679 2098 963 2179 ἄκμονας
1007 2101 1128 2179 ἦκα
1171 2102 1336 2178 δύω,
1385 2104 1531 2180 περὶ
1576 2103 1748 2181 χερςὶ
1791 2105 1861 2166 δὲ
1907 2105 2139 2182 δεςμόν
2182 2103 2331 2181 ἴηλα

553 2209 635 2265 20
678 2202 950 2281 χρύςεον
994 2201 1346 2281 ἄῤῥηκτον;
1391 2204 1464 2266 ςὺ
1508 2206 1567 2267 δ’
1611 2205 1682 2269 ἐν
1731 2205 1930 2283 αἰθέρι
1975 2205 2074 2269 καὶ
2117 2206 2460 2287 νεφέλῃςιν

677 2305 954 2382 ἐκρέμω·
999 2303 1312 2380 ἠλάςτεον
1354 2307 1427 2368 δὲ
1472 2308 1612 2370 θεοὶ
1654 2307 1813 2371 κατὰ
1855 2309 2100 2385 μακρὸν
2142 2307 2511 2386 Ὄλυμπον,

677 2407 856 2469 λῦςαι
895 2406 951 2468 δ’
998 2405 1118 2469 οὐκ
1162 2406 1478 2471 ἐδύναντο
1524 2408 1963 2488 παραςταδόν·
2009 2409 2088 2473 ὃν
2132 2411 2203 2473 δὲ
2251 2408 2530 2491 λάβοιμι,

678 2505 1020 2585 ῥίπταςκον
1064 2512 1351 2584 τεταγὼν
1396 2507 1527 2573 ἀπὸ
1576 2512 1804 2589 βηλοῦ,
1851 2511 2006 2591 ὄφρ’
2049 2512 2129 2576 ἂν
2171 2511 2377 2590 ἵκηται

675 2611 796 2685 γῆν
842 2609 1313 2686 ὀλιγηπελέων·
1359 2611 1466 2690 ἐμὲ
1510 2612 1568 2675 δ’
1613 2612 1761 2699 οὐδῇ
1799 2612 1889 2677 ὧς
1936 2615 2139 2691 θυμὸν
2183 2612 2346 2677 ἀνίει

637 2716 791 2800 ‘vj
821 2716 832 2719 ’
861 2715 1047 2797 ioue>
1093 2743 1241 2812 Lips.
1279 2744 1368 2800 Et.
1405 2744 1521 2813 Mg.
1559 2750 1675 2805 262.
1718 2752 1794 2799 19.
1833 2745 2014 2799 Bekk.
2053 2746 2157 2803 An.
2199 2751 2344 2799 1209.
2380 2745 2509 2798 libri
2552 2745 2707 2798 ὑπαι.
2744 2743 2796 2796 D

505 2815 657 2866 ὑπαι.
696 2842 754 2849 -
796 2817 827 2864 5
863 2814 1242 2879 χρυςοθρόνου
1279 2816 1344 2865 A.
1383 2843 1445 2853 —
1485 2820 1517 2866 6
1552 2816 1621 2880 ἂρ
1657 2812 1926 2872 ADEGH.
1961 2820 2150 2881 τρῷας
2186 2814 2249 2867 L.
2287 2842 2354 2852 -—
2402 2818 2434 2865 8
2471 2815 2797 2868 ποςιδάωνα

506 2919 572 2981 A,
609 2915 668 2967 in
705 2931 882 2983 marg.
919 2880 1291 2969 ποῗειλδάωνα.
1329 2944 1394 2953 -
1431 2922 1463 2968 9
1498 2915 1642 2981 ἀμφι
1679 2913 1747 2968 D.
1788 2947 1848 2955 —
1890 2923 1951 2969 10
1988 2916 2130 2970 εἵαθ’
2152 2914 2221 2970 Η.
2258 2916 2291 2968 ὃ
2327 2917 2378 2969 δ’
2412 2912 2480 2968 D.
2516 2917 2601 2968 ὅδ’
2635 2912 2795 2967 cm..

512 3012 580 3022 —-
622 2989 676 3035 11
717 2983 1110 3049 ἀφαυρότερος
1148 2982 1185 3035 S
1223 2982 1381 3035 Vrat.
1421 2984 1489 3036 A.
1517 3013 1583 3022 -
1625 2990 1684 3036 12
1720 2985 1887 3040 τόνδε
1922 2983 1992 3036 Η.
2030 3014 2095 3022 -
2136 2991 2196 3037 13
2233 3000 2373 3050 προς
2411 2981 2524 3036 CH.
2571 3011 2621 3021 ——
2668 2987 2732 3035 18
2758 2986 2794 3048 ἢ

512 3050 696 3104 Schol.
735 3053 780 3104 Λ
814 3056 930 3106 441.
972 3052 1017 3105 Ο
1045 3058 1126 3103 21.
1164 3051 1203 3105 C
1239 3056 1355 3103 239.
1393 3050 1442 3102 Φ
1469 3057 1585 3108 397.
1622 3049 1845 3104 Hei-acl.
1882 3052 2064 3121 Alleg.
2090 3058 2174 3106 40.
2213 3049 2394 3108 Cram.
2429 3051 2533 3104 An.
2571 3047 2795 3114 Ox.1v,

506 3124 624 3175 379.
662 3126 710 3175 3.
758 3119 992 3183 μέμνης’
1036 3117 1201 3175 Rhct.
1247 3116 1340 3171 Gr.
1388 3117 1486 3184 111,
1534 3124 1651 3183 244,
1701 3126 1783 3174 23.
1837 3122 1924 3172 ὅτ’
1966 3121 2029 3173 ἐκ
2069 3121 2186 3184 ἐμω
2231 3118 2275 3171 L
2358 3120 2448 3171 ost
2488 3134 2590 3171 ras.
2643 3116 2795 3186 Lips.

506 3186 665 3242 Cant.
705 3184 886 3242 Cram.
923 3187 1028 3237 An.
1069 3186 1171 3243 Ox.
1209 3184 1305 3250 IV,
1345 3191 1463 3252 379,
1499 3193 1549 3241 3.
1585 3189 1682 3240 ὅτε
1720 3189 1941 3254 ἐκρέμω
1978 3186 2028 3238 R
2068 3188 2141 3240 et.
2180 3185 2274 3239 Gr.
2342 3185 2411 3252 ΙΙ,
2449 3192 2566 3252 244,
2603 3190 2685 3238 23.
2728 3215 2795 3224 -

509 3259 573 3307 19
610 3270 736 3319 περι
772 3256 835 3306 A.
897 3284 952 3293 -
996 3260 1056 3305 21
1108 3254 1409 3320 ήλάςτεονε
1462 3255 1696 3308 ἐλάτεον
1742 3254 1796 3311 S.
1850 3255 2097 3322 ἠλάτεον
2133 3253 2290 3309 Vrat.
2327 3254 2392 3307 A.
2447 3270 2588 3307 κατα
2627 3258 2689 3305 Α.
2728 3282 2793 3292 -

504 3328 570 3374 23
607 3322 862 3387 ἀνίκηται
901 3321 965 3373 G.
1013 3349 1078 3359 —
1126 3329 1190 3374 24
1236 3324 1628 3388 ὀλιγηπελέων
1673 3321 1838 3379 AHL.
1893 3325 1971 3376 ὡς
2017 3320 2135 3379 AD.
2190 3324 2372 3386 θυμὸν
2424 3320 2516 3375 AC
2554 3329 2601 3374 1.
2644 3337 2792 3376 man.

506 3421 611 3475 nn
649 3420 796 3490 Lips.
837 3428 882 3476 ι.
918 3439 1066 3476 man.
1106 3421 1261 3477 Harl.
1307 3387 1474 3477 Μῗῆ.
1523 3426 1697 3490 θυμὸς
1744 3424 1785 3478 c
1823 3440 1891 3476 ex
1938 3440 2077 3478 corr.
2125 3423 2170 3476 E
2216 3424 2304 3477 ter
2349 3421 2482 3477 (ηε
2518 3422 2666 3509 Lips-
2703 3441 2796 3477 su-

503 3506 711 3557 prascr.
746 3491 887 3544 ἀνίει
934 3494 996 3544 A.
1042 3492 1204 3611 &met
1239 3490 1352 3544 HL.
1401 3494 1559 3560 ἀνῄει
1607 3492 1763 3545 Cant.
1812 3492 1967 3545 Vrat.
2018 3492 2071 3549 d.
2118 3492 2245 3558 ἀνίη
2294 3490 2506 3545 Townl.
2554 3492 2674 3544 ουδ’
2712 3492 2795 3545 ὡς

505 3560 680 3623 θυμὸς
717 3562 928 3625 ἀνῆκεν
962 3558 1049 3612 Jo.
1158 3574 1243 3618 cx.
1281 3565 1366 3627 32,
1405 3567 1451 3613 2.

641 3695 706 3748 A.
745 3712 792 3747 c.
865 3702 898 3747 4
933 3694 1289 3749 Aristarchus
1315 3698 1374 3749 ct
1397 3694 1752 3750 Herodianus
1778 3698 1936 3750 ὑπαίε
1974 3697 2110 3750 ὕπαι
2133 3694 2434 3762 Tyrannio.
2459 3724 2525 3733 —
2560 3700 2592 3748 5
2628 3709 2798 3761 προς-

504 3764 711 3817 τιθὲαςι
771 3765 834 3816 δὲ
888 3766 976 3816 καὶ
1028 3766 1099 3816 τὸ
1160 3766 1366 3830 „Uero
1419 3765 1469 3816 δ’
1522 3766 1797 3832 ὀρθωθεὶς
1862 3767 2115 3827 μαλακὸν
2167 3765 2218 3817 δ’
2270 3765 2466 3817 ἔνδυνε
2530 3764 2795 3828 χιτῶνα“

503 3835 568 3899 (Β
604 3833 693 3898 42)
739 3829 922 3885 Schol.
971 3831 1038 3889 V.
1087 3862 1152 3870 —-
1208 3840 1266 3885 10
1303 3830 1659 3885 Herodianus
1705 3834 1871 3886 εἵαθ’;
1919 3833 2061 3886 εἵαθ’
2104 3830 2473 3886 Aristarchus.
2520 3835 2627 3897 κῆρ
2668 3831 2793 3884 ἀπι-

502 3902 721 3954 νύςςων
746 3898 1122 3964 Aristarchum,
1147 3898 1292 3953 Ptol.
1317 3898 1658 3961 Ascalonita,
1684 3899 1900 3963 Alexio,
1925 3898 2304 3953 Herodianus:
2334 3903 2438 3965 κῆρ
2462 3899 2793 3952 ἀπινύςκων

501 3966 918 4035 Aristophanes.
957 3967 1056 4021 alii
1091 3972 1234 4034 κῆρα
1270 3968 1569 4021 πινύςςων.
1599 3997 1662 4005 -
1692 3976 1753 4020 15
1790 3969 1937 4021 τινὲς
1963 3969 2203 4033 ἑφόβηςε
2228 3968 2278 4020 δ’
2305 3967 2564 4032 Ἀχαιούς
2600 3964 2789 4022 Schol.

503 4037 568 4090 V.
625 4066 688 4074 -—-
747 4041 804 4088 17
864 4038 1020 4088 οὕτω
1073 4037 1161 4089 διὰ
1211 4040 1314 4089 τοῦ
1360 4040 1394 4100 η
1444 4036 1720 4103 ἐπαύρηαι
1768 4034 2109 4101 Didymus,
2163 4037 2440 4101 ἐπαυρῇαι
2485 4032 2795 4101 Tyrannio,

504 4105 647 4160 conf.
695 4103 764 4158 H.
800 4102 864 4155 Τ.
910 4109 1024 4161 228.
1071 4133 1138 4142 -
1190 4110 1249 4157 18
1294 4105 1382 4156 διὰ
1425 4108 1528 4157 τοῦ
1577 4109 1631 4169 ῆι
1680 4106 1881 4170 μέμνηι
1928 4105 2086 4169 εἶχον
2128 4107 2296 4157 πᾶςαι
2333 4100 2684 4168 Didymus,
2724 4131 2795 4141 —-

509 4178 697 4226 18—31
739 4173 1044 4239 Ζηνόδοτος
1081 4173 1214 4226 οὐδὲ
1250 4173 1398 4225 ὅλως
1435 4173 1544 4236 τήν
1581 4174 1808 4227 κόλαςιν
1842 4177 1946 4237 τῆς
1983 4176 2123 4238 ἤρας
2156 4172 2359 4237 γράφει
2396 4168 2577 4223 Schol.
2617 4172 2685 4222 A.
2726 4201 2795 4209 —

503 4245 568 4291 22¹.
604 4240 760 4292 τινὲς
795 4240 1067 4305 γράφουςι
1105 4240 1271 4305 ..πρίν
1315 4241 1368 4303 γ’
1405 4240 1502 4293 ὅτε
1549 4239 1694 4303 (cod.
1732 4242 1864 4307 πρὶν
1900 4241 2057 4303 τότε)
2102 4241 2171 4304 δή
2209 4240 2257 4292 ς’
2290 4239 2540 4292 ἀπέλυςα
2576 4239 2794 4303 πέδων,

505 4308 743 4371 μύδρους
780 4308 830 4357 δ’
865 4307 946 4359 ἐνὶ
983 4308 1156 4375 Τροίῃ
1197 4307 1502 4372 κάββαλον,
1543 4309 1698 4374 ὄφρα
1734 4310 1963 4361 πέλοιτο
2000 4309 2089 4360 καὶ
2115 4307 2448 4371 ἐςςομένοιςι
2483 4307 2791 4359 πυθέςθαι“

505 4369 688 4423 Schol.
713 4371 780 4437 V,
818 4374 959 4430 cous.
991 4374 1142 4430 Euat.
1175 4382 1319 4440 1003,
1363 4380 1439 4428 13.
1466 4405 1532 4414 -—
1556 4382 1623 4429 23
1660 4378 1863 4442 βηλοῦε
1904 4376 2078 4440 βήλου
2107 4373 2316 4429 Crates.
2339 4403 2407 4412 —
2431 4379 2498 4427 24
2534 4374 2791 4441 ἀρίςταρ·
