3144 5006
409 387 490 450 88
1329 384 1670 440 ΙΛΙΑΔΟ(
1732 385 1794 441 Ο.

583 540 792 604 εἵλετο
839 542 895 605 δ’
940 537 1206 617 ἄλκιμον
1253 538 1478 621 ἔγχος,
1523 536 1886 617 ἀκαχμένον
1932 538 2068 603 ὀξέι
2111 541 2371 624 χαλκῷ,

585 646 660 723 βῆ
707 643 765 707 δ’
807 640 1001 725 ἰέναι,
1046 640 1215 720 μάλα
1259 641 1317 705 δ’
1361 638 1497 704 ὦκα
1542 639 1711 704 θέων
1754 639 1972 705 Αἴαντι
2016 640 2314 722 παρέςτη.

758 745 1002 823 Ἕκτωρ
1047 743 1104 808 δ’
1149 741 1240 807 ὡς
1283 741 1455 808 εἶδεν
1499 741 1786 821 Τεύκρου
1832 744 2202 824 βλαφθέντα
2246 723 2552 825 βέλεμνα,

418 852 540 910 485
587 846 796 925 Τρωςί
838 865 908 911 τε
953 845 1055 910 καὶ
1097 844 1411 910 Λυκίοιςιν
1457 844 1751 910 ἐκέκλετο
1797 845 2040 925 μακρὸν
2086 843 2314 909 ἀύςας·

581 1019 587 1026 ,
763 948 980 1026 Τρῶες
1022 947 1123 1012 καὶ
1167 946 1385 1012 Λύκιοι
1429 947 1534 1013 καὶ
1576 947 1912 1026 Δάρδανοι
1957 947 2406 1027 ἀγχιμαχηταί,

593 1049 818 1130 ἀνέρες
862 1049 1031 1131 ἔςτε,
1079 1049 1293 1130 φίλοι,
1339 1048 1649 1129 μνήςαςθε
1694 1050 1766 1113 δὲ
1809 1051 2110 1128 θούριδος
2155 1047 2348 1128 ἀλκῆς

590 1156 749 1231 νῆας
795 1151 923 1217 ἀνὰ
964 1149 1335 1231 γλαφυράς·
1382 1151 1460 1230 δὴ
1503 1151 1629 1230 γὰρ
1673 1148 1818 1216 ἴδον
1862 1149 2289 1231 ὀφθαλμοῖςιν

593 1254 834 1333 ἀνδρὸς
879 1250 1171 1331 ἀριςτῆος
1215 1252 1455 1318 Διόθεν
1502 1251 1873 1333 βλαφθέντα
1917 1252 2207 1333 βέλεμνα.

423 1363 548 1420 400
594 1356 735 1436 ῥεῖα
778 1354 834 1419 δ’
879 1352 1236 1434 ἀρίγνωτος
1280 1353 1442 1418 Διὸς
1487 1352 1750 1433 ἀνδράςι
1790 1353 2071 1430 γίγνεται
2115 1355 2309 1436 ἀλκή,

590 1457 748 1536 ἠμὲν
797 1455 1068 1522 ὁτέοιςιν
1115 1459 1309 1522 κῦδος
1352 1455 1708 1535 ὑπέρτερον
1752 1454 2122 1539 ἐγγυαλίξῃ,

589 1559 689 1638 ἠδ’
733 1556 949 1624 ὅτινας
993 1558 1219 1642 μινύθῃ
1263 1578 1332 1623 τε
1378 1558 1481 1622 καὶ
1523 1556 1646 1623 οὐκ
1688 1557 1973 1640 έθέλῃςιν
2020 1556 2319 1639 ἀμύνειν,

591 1661 680 1724 ὡς
726 1665 843 1726 νῦν
889 1657 1189 1741 Ἀργείων
1235 1659 1479 1741 μινύθει
1520 1659 1747 1742 μένος,
1792 1659 1942 1739 ἄμμι
1986 1659 2044 1724 δ’
2086 1658 2330 1740 ἀρήγει.

589 1763 756 1829 ἀλλὰ
801 1763 1055 1845 μάχεςθ’
1099 1762 1203 1828 ἐπὶ
1240 1763 1458 1840 νηυςὶν
1505 1760 1918 1830 ἀολλέες·,ὃς
1963 1761 2035 1826 δέ
2080 1783 2188 1827 κεν
2235 1761 2449 1843 ὕμεων

423 1870 545 1928 495
594 1867 909 1945 βλήμενος
952 1866 1027 1944 ἠὲ
1070 1866 1287 1930 τυπεὶς
1331 1865 1614 1929 θάνατον
1659 1863 1762 1927 καὶ
1805 1863 2053 1944 πότμον
2098 1864 2362 1947 ἑπίςπῃ,

592 1966 908 2032 τεθνάτω·
956 1967 1035 2033 οὔ
1080 1966 1142 2032 οἱ
1185 1967 1392 2032 ἀεικὲς
1437 1965 1822 2049 ἀμυνομένῳ
1868 1967 2016 2044 περὶ
2056 1965 2302 2043 πάτρης

591 2069 934 2147 τεθνάμεν·
983 2067 1122 2133 ἀλλ’
1167 2068 1409 2148 ἄλοχός
1450 2088 1520 2133 τε
1564 2067 1678 2146 ςόη
1722 2068 1824 2132 καὶ
1867 2071 2093 2133 παῖδες
2136 2067 2407 2150 ὀπίςςω,

594 2172 696 2235 καὶ
739 2170 920 2236 οἶκος
965 2173 1067 2235 καὶ
1111 2173 1344 2250 κλῆρος
1388 2168 1737 2252 ἀκήρατος,
1783 2168 1842 2234 εἴ
1885 2191 1993 2234 κεν
2038 2170 2282 2249 Ἀχαιοὶ

595 2274 902 2353 οἴχωνται
949 2274 1061 2338 ςὺν
1107 2271 1281 2351 νηυςὶ
1325 2270 1520 2352 φίλην
1566 2271 1634 2336 ἐς
1676 2271 1953 2348 πατρίδα
1994 2275 2207 2348 γαῖαν.

425 2379 555 2447 500
769 2375 858 2439 ὣς
904 2373 1105 2439 εἰπὼν
1152 2373 1398 2453 ὤτρυνε
1442 2373 1639 2453 μένος
1683 2372 1784 2437 καὶ
1827 2373 2030 2451 θυμὸν
2075 2373 2358 2439 ἑκάςτου.

593 2474 747 2542 Αἴας
791 2476 848 2541 δ’
890 2475 1032 2541 αὖθ’
1075 2475 1388 2556 ἑτέρωθεν
1438 2475 1730 2541 ἐκέκλετο
1778 2472 1876 2540 οἷς
1921 2474 2267 2555 ἑτάροιςιν·

774 2577 971 2643 αἰδὼς
1015 2578 1318 2655 Ἀργεῖοι·
1367 2582 1485 2642 νῦν
1530 2575 1756 2657 ἄρκιον
1801 2578 1839 2656 ἢ
1886 2577 2238 2643 ἀπολέςθαι

595 2680 669 2757 ἠὲ
715 2682 1033 2758 ςαωθῆναι
1079 2679 1183 2744 καὶ
1225 2678 1593 2745 ἀπώςαςθαι
1637 2679 1796 2742 κακὰ
1840 2683 2036 2758 νηῶν.

598 2781 636 2860 ἦ
682 2782 954 2863 ἔλπεςθ’,
998 2782 1076 2858 ἢν
1122 2784 1279 2859 νῆας
1325 2780 1439 2864 ἕλῃ
1483 2780 1915 2860 κορυθαίολος
1959 2782 2239 2863 “Ἐκτωρ,

401 2876 553 2947 '505
599 2883 878 2963 ἐμβαδὸν
919 2882 1152 2949 ἵξεςθαι
1194 2883 1274 2960 ἢν
1319 2881 1595 2962 πατρίδα
1632 2885 1824 2959 γαῖαν
1870 2883 2160 2962 ἕκαςτοςς

601 2983 639 3063 ἦ
687 2984 806 3049 οὐκ
851 2985 1243 3064 ὀτρύνοντος
1288 2983 1555 3049 ἀκούετε
1602 2984 1764 3048 λαὸν
1810 2984 2066 3049 ἅπαντα

565 3154 635 3208 V.
671 3173 719 3207 ι.
791 3159 892 3209 484
927 3155 1044 3208 εἶδε
1080 3150 1175 3205 DE
1211 3151 1360 3220 Lips.
1398 3150 1552 3205 Vrat.
1594 3150 1658 3204 A.
1696 3151 1879 3206 Cram.
1904 3150 2008 3219 Ep.
2033 3158 2151 3216 449,
2193 3159 2272 3207 11.
2312 3183 2370 3191 -
2409 3157 2510 3207 485
2547 3154 2722 3223 τρῳςί
2746 3214 2759 3219 ,

432 3223 490 3276 L.
533 3252 593 3261 —
630 3227 731 3276 486
767 3227 946 3290 τρῲες
982 3220 1040 3272 L.
1082 3250 1145 3259 -—
1182 3226 1280 3274 487
1319 3221 1443 3275 ἐςτὲ
1481 3217 1637 3276 CHL.
1674 3251 1738 3258 —-
1783 3225 1882 3274 488
1920 3222 2027 3274 ἀνα
2061 3221 2178 3276 AD.
2215 3221 2323 3287 γὰρ
2358 3237 2393 3288 ρ
2427 3220 2551 3276 ἴδον
2585 3219 2627 3277 C
2664 3222 2723 3289 (ρ

435 3290 561 3344 add.
601 3306 748 3348 man,
788 3294 934 3353 rec.).
971 3290 1128 3343 εἶδον
1163 3287 1228 3342 D.
1270 3319 1331 3327 —
1370 3294 1472 3342 490
1505 3287 1757 3353 γίγνεται
1792 3285 1859 3340 L:
1912 3288 2126 3352 γίνεται
2164 3287 2475 3345 ACDEGH.
2514 3317 2580 3329 -
2620 3294 2715 3343 491

400 3389 412 3399 ·
435 3358 639 3413 ὁτέοιςι
673 3357 719 3410 Ε
757 3356 914 3414 Vrat.
949 3355 1016 3409 A.
1063 3355 1151 3410 Et.
1197 3354 1310 3426 Mg.
1348 3361 1473 3421 636,
1511 3362 1601 3409 33.
1647 3357 1972 3421 ὑπέρτατον
2018 3354 2068 3407 Η
2104 3357 2264 3413 Vrat.
2309 3356 2363 3409 d.
2412 3357 2721 3422 ἐγγυαλίξει

434 3426 522 3480 CE
541 3424 700 3483 Rom.
729 3423 816 3478 Et.
842 3423 954 3494 Mg.
980 3430 1096 3489 636,
1123 3430 1206 3478 33.
1233 3425 1542 3489 ἐγγυαλίζει
1568 3423 1623 3477 S.
1648 3453 1715 3462 —-
1739 3429 1838 3477 492
1864 3426 1899 3490 ἢ
1926 3426 1980 3478 δ’
2005 3422 2068 3477 D.
2099 3429 2314 3493 μινύθει
2339 3422 2467 3479 CES
2490 3422 2578 3480 Et.
2604 3423 2718 3494 ΜΒ.

433 3534 550 3593 636,
585 3534 667 3583 33.
704 3526 938 3583 Bal-oce.
965 3526 1121 3584 Vrat.
1147 3528 1201 3597 b.
1231 3528 1294 3581 A.
1324 3526 1483 3583 Rom.
1524 3505 1889 3582 ΜΙΝῨΘΗΙΕΙ
1921 3528 2027 3581 ΚΑΙ
2054 3529 2090 3583 S
2130 3547 2173 3583 r.
2212 3529 2500 3598 μινύθηςιν
2534 3528 2719 3598 Apoll.

434 3597 507 3652 de
532 3595 687 3652 Coni.
712 3601 828 3660 502,
854 3601 937 3648 20.
975 3597 1230 3665 μινύθῃςι
1254 3594 1409 3648 Vrat.
1437 3595 1491 3661 d.
1516 3596 1723 3660 ἀμῦναι
1747 3593 1798 3647 Η
1828 3600 1868 3648 1.
1899 3611 2046 3649 man.
2125 3599 2229 3651 rat.
2256 3597 2307 3651 d.
2332 3633 2398 3641 —
2422 3601 2523 3651 493
2549 3596 2628 3651 ὣς
2656 3595 2720 3653 D.

435 3672 483 3717 9..
509 3680 657 3721 man.
695 3692 760 3703 —
795 3668 893 3717 494
915 3664 977 3716 ἐν
1011 3667 1204 3730 νηυςίν
1229 3662 1384 3717 Vrat.
1409 3664 1464 3716 b.
1503 3665 1663 3730 νηυςί
1706 3664 2007 3728 διαμπερὲς
2042 3665 2332 3735 Lycurgus
2366 3664 2495 3718 adv.
2528 3665 2720 3723 Leocr,

436 3734 466 3793 ἓ
496 3740 607 3789 103.
631 3734 864 3799 υμμέων
885 3730 926 3785 C
952 3747 1079 3784 cum
1105 3734 1344 3800 utroque
1368 3730 1569 3800 spiritu
1595 3747 1765 3800 supra
1781 3748 1834 3785 u.
1855 3759 1918 3770 —
1943 3737 2044 3787 495
2068 3732 2288 3787 ἐπίςπει
2308 3731 2364 3787 C.
2386 3761 2452 3772 --
2476 3736 2576 3787 496
2597 3749 2724 3800 περι

436 3800 553 3859 ΑΗ.
593 3831 652 3842 -·-
691 3805 793 3856 497
829 3801 931 3867 ςὸη
971 3802 1060 3854 καί
1096 3801 1273 3865 νήπια
1306 3799 1480 3852 τέκνα
1509 3798 1824 3868 Lycurgus,
1861 3798 2011 3853 conf.
2033 3799 2215 3859 Schol.
2240 3798 2350 3854 BL.
2377 3799 2530 3854 Eunt.
2572 3804 2722 3866 1028,

436 3874 520 3925 56.
557 3906 621 3914 --
657 3874 758 3926 498
796 3870 886 3922 καί
921 3871 988 3921 κλ
1032 3884 1126 3931 ρος
1161 3870 1252 3922 καὶ
1288 3868 1445 3921 οἶκος
1482 3866 1785 3935 Lycurgus.
1820 3896 1886 3906 —-
1936 3872 2038 3922 499
2074 3869 2328 3936 οἴχονται
2363 3866 2461 3921 EG
2496 3866 2723 3922 Barooc.

436 3935 586 4006 Lips.
632 3936 774 3993 Mor.
823 3936 980 3991 Cant.
1072 3935 1172 3991 arl.
1212 3939 1489 4002 ἤκωνται,
1535 3937 1837 4000 ἤικωνται,
1889 3934 2154 4002 ἵκωνται,
2206 3939 2513 4002 ἥικχωνται
2559 3934 2723 3989 codd.

438 4004 621 4074 Lycur
665 4005 677 4016 ’
745 4036 809 4045 -
854 4011 955 4059 500
1001 4006 1081 4060 ὡς
1117 4007 1182 4059 Δ.
1230 4034 1288 4043 —-
1337 4007 1432 4056 501
1480 4003 1744 4056 ἐκέκλετο
1790 4006 2006 4069 μακρὸν
2041 4005 2210 4059 ἀῡςας
2249 4003 2393 4072 Lipe.
2440 4032 2507 4042 —
2551 4010 2651 4057 50³.
2686 4006 2722 4070 ἢ

439 4072 588 4127 CGH
663 4072 808 4127 chol.
847 4073 891 4127 O
919 4078 1036 4130 700.
1076 4072 1125 4128 ei
1161 4077 1300 4139 νῆας
1325 4071 1383 4128 L.
1424 4070 1790 4137 κορυθαιόλος
1816 4068 1963 4125 ΑΒΕ
1988 4070 2150 4129 Ro'm.
2181 4102 2243 4110 —
2272 4078 2372 4127 506
2408 4073 2444 4137 ἢ
2471 4068 2720 4127 CDGHL

576 4210 640 4262 A.
677 4228 724 4261 0.
796 4214 887 4262 491
932 4209 1170 4263 ὁτέοιςιν
1206 4205 1574 4261 Herodianus.
1608 4235 1676 4245 -
1710 4211 1813 4260 494
1848 4208 1883 4272 ἡ
1923 4209 2115 4273 ὑμέων
2150 4206 2480 4272 ἀντωνυμία
2512 4208 2724 4263 ἀπόλυ-

440 4275 541 4328 τός
577 4277 688 4329 ἑςτι
723 4279 814 4330 καὶ
851 4276 955 4329 οὐκ
991 4278 1193 4343 ἔχουςα
1229 4273 1674 4340 ἀντιδιαςτολήν.
1724 4276 1810 4331 διὸ
1847 4277 2046 4345 τρίτην
2081 4277 2195 4331 ἀπὸ
2231 4276 2431 4330 τέλους
2467 4277 2581 4342 ἔχει
2616 4278 2725 4343 τὴν

443 4342 629 4394 ὀξεῖαν
663 4341 1107 4397 Herodianus.
