3144 5006
475 351 600 417 288
1399 353 1728 411 ΙΛΙΑΔΟΕ
1777 354 1835 407 Κ.

646 506 836 587 φύξιν
883 508 1258 586 βουλεύουςι
1304 509 1460 586 μετὰ
1504 505 1732 588 ςφίςιν,
1789 505 1929 571 οὐδ’
1973 505 2260 583 ,ἐθέλουςι

648 608 847 674 νύκτα
893 611 1394 692 φυλαςςέμεναι,
1440 610 1700 692 καμάτῳ
1744 607 2050 687 ἀδηκότες
2094 606 2271 692 αἰνῷ.

817 710 906 776 ὣς
953 710 1161 794 ἔφαθ’,
1207 713 1272 777 οἳ
1316 711 1373 775 δ’
1416 709 1542 789 ἄρα
1586 711 1822 776 πάντες
1868 710 2028 790 ἀκὴν
2074 710 2383 788 ἐγένοντο
2429 714 2656 793 ςιωπῇ.

645 810 726 889 ἦν
771 813 843 877 δέ
884 832 977 877 τις
1022 813 1093 878 ἑν
1138 813 1409 892 Τρώεςςι
1453 811 1716 896 Δόλων,
1762 812 2083 892 Εὐμήδεος
2129 813 2286 895 υἱός,

479 917 600 975 315
648 914 920 993 κήρυκος
963 915 1198 997 θείοιο,
1242 912 1680 996 πολύχρυςος,
1724 915 2169 993 πολύχαλκος·

649 1015 725 1078 ὃς
770 1015 846 1092 δή
890 1035 988 1080 τοι
1034 1014 1211 1081 εἶδος
1256 1017 1371 1095 μὲν
1418 1015 1532 1094 ἔην
1579 1016 1799 1098 κακός,
1846 1015 2011 1082 ἀλλὰ
2055 1015 2385 1095 ποδώκης·

646 1116 848 1195 αὐτὰρ
894 1116 933 1180 ὃ
978 1122 1218 1195 μοῦνος
1263 1116 1377 1197 ἔην
1423 1119 1580 1198 μετὰ
1622 1118 1817 1182 πέντε
1861 1119 2319 1203 καςιγνήτῃςιν.

646 1218 720 1283 ὅς
764 1217 845 1298 ῥα
889 1216 1036 1283 τότε
1082 1218 1324 1296 Τρωςίν
1369 1239 1437 1283 τε
1482 1221 1587 1283 καὶ
1629 1220 1881 1297 Ἕκτορι
1925 1224 2127 1299 μῦθον
2173 1219 2414 1285 ἔειπεν·

812 1319 1063 1402 Ἕκτορ,
1110 1319 1206 1399 ἔμ’
1249 1316 1504 1399 ὀτρύνει
1551 1320 1772 1398 κραδίη
1818 1321 1922 1385 καὶ
1964 1320 2160 1399 θυμὸς
2206 1320 2466 1399 ἀγήνωρ

478 1427 601 1485 320
644 1423 820 1501 νηῶν
867 1420 1226 1500 ὠκυπόρων
1272 1423 1501 1500 ςχεδὸν
1548 1423 1811 1501 ἐλθέμεν
1857 1421 1927 1487 ἔκ
1969 1443 2038 1487 τε
2083 1423 2401 1488 πυθέςθαι.

645 1521 786 1587 ἀλλ’
830 1521 945 1599 ἄγε
991 1543 1097 1603 μοι
1140 1524 1215 1588 τὸ
1262 1527 1580 1604 ςκῆπτρον
1626 1522 1923 1609 ἀνάςχεο,
1968 1524 2071 1589 καί
2115 1544 2222 1603 μοι
2266 1523 2544 1603 ὀμοςςον

643 1623 682 1702 ἦ
729 1627 844 1704 μὲν
888 1625 1044 1690 τοὺς
1084 1625 1327 1691 ἵππους
1370 1645 1441 1690 τε
1483 1628 1588 1691 καὶ
1631 1626 1880 1707 ἅρματα
1921 1625 2177 1691 ποικίλα
2220 1627 2434 1709 χαλκῷ

646 1728 954 1809 δωςέμεν,
999 1727 1064 1791 οἳ
1109 1727 1457 1807 φορέουςιν
1503 1727 1802 1808 ἀμύμονα
1843 1728 2203 1808 Πηλείωνα.

647 1828 745 1892 ςοὶ
789 1830 846 1892 δ’
889 1828 1020 1904 ἐγὼ
1066 1827 1186 1907 οὐχ
1231 1827 1415 1895 ἅλιος
1459 1831 1700 1895 ςκοπός
1744 1829 1998 1909 ἔςςομαι
2042 1828 2183 1894 οὐδ’
2228 1828 2359 1894 ἀπὸ
2406 1830 2610 1907 δόξης.

478 1933 599 1991 325
644 1930 860 2010 τόφρα
903 1930 1028 2007 γὰρ
1073 1930 1139 1994 ἐς
1185 1932 1454 2010 ςτρατόν
1498 1929 1626 2012 εἶμι
1668 1931 2040 2013 διαμπερές,
2086 1930 2240 2011 ὄφρ’
2284 1930 2364 1994 ἂν
2405 1929 2630 2009 ἵκωμαι

645 2031 745 2109 νῆ’
788 2031 1323 2112 Ἀγαμεμνονέην,
1369 2030 1470 2098 ὅθι
1514 2053 1646 2097 που
1690 2033 2026 2111 μέλλουςιν
2072 2030 2308 2109 ἄριςτοι

646 2133 883 2214 βουλὰς
929 2131 1280 2214 βουλεύειν,
1326 2134 1364 2209 ἢ
1409 2133 1730 2213 φευγέμεν
1771 2132 1845 2210 ἠὲ
1889 2133 2210 2212 μάχεςθαι.

813 2234 904 2299 ὣς
948 2234 1123 2315 φάθ’,
1169 2234 1207 2297 ὃ
1254 2234 1310 2298 δ’
1356 2233 1427 2298 ἐν
1471 2236 1646 2314 χερςὶ
1689 2237 2005 2312 ςκῆπτρον
2054 2234 2207 2314 λάβε
2238 2233 2338 2298 καί
2369 2234 2430 2298 οἱ
2461 2233 2757 2313 ὀμοςςεν·

642 2336 794 2401 ἴςτω
839 2338 957 2400 νῦν
1002 2334 1168 2399 Ζεὺς
1211 2333 1436 2417 αὐτός,
1480 2334 1866 2413 ἐρίγδουπος
1909 2334 2092 2400 πόςις
2133 2334 2353 2418 Ἥρης,

477 2444 601 2502 330
644 2440 726 2518 μὴ
771 2436 886 2517 μὲν
930 2440 1070 2502 τοῖς
1109 2436 1398 2502 ἵπποιςιν
1445 2434 1608 2516 ἀνὴρ
1653 2436 2029 2517 ἐποχήςεται
2072 2435 2269 2502 ἄλλος

644 2539 912 2622 Τρώων,
958 2539 1126 2603 ἀλλὰ
1169 2539 1236 2602 ςέ
1281 2560 1439 2619 φημι
1486 2539 1826 2619 διαμπερὲς
1870 2539 2272 2616 ἀγλαϊεῑςθαι.

814 2640 904 2703 ὣς
948 2640 1120 2721 φάτο
1166 2640 1266 2704 καί
1312 2638 1368 2719 ῥ’
1413 2640 1717 2719 ἐπίορκον
1764 2641 2086 2721 ἐπώμοςε,
2144 2642 2259 2706 τόν
2320 2642 2378 2706 δ’
2421 2640 2754 2720 ὀρόθυνεν.

610 2843 674 2898 V.
715 2863 763 2897 1..
823 2847 917 2896 311
959 2844 1326 2906 βουλεύονται
1362 2840 1426 2895 G.
1473 2860 1615 2908 μετα
1654 2844 1715 2896 A.
1760 2844 1880 2898 οὐδ’
1916 2844 2160 2897 ἐθέλουςι
2198 2841 2458 2896 ACEGH.
2503 2845 2636 2898 οὐδὲ
2671 2846 2758 2898 θέ-

474 2918 662 2968 λουςιν
701 2911 746 2964 D
785 2908 940 2964 Cant.
988 2911 1119 2964 οὐδὲ
1156 2912 1371 2966 θέλουςι
1407 2910 1460 2965 S.
1511 2941 1570 2949 —
1621 2917 1717 2965 312
1754 2912 2029 2977 ἀδηκότες
2065 2908 2318 2964 ACDGH
2363 2910 2507 2979 Lips.
2545 2909 2756 2965 Townl.

481 2981 631 3034 Vrat.
669 2981 721 3037 b.
760 2979 1067 3044 ἀδδηκότες
1105 2977 1248 3031 ELS.
1289 3009 1353 3017 -
1392 2984 1491 3032 313
1528 2980 1607 3033 ὡς
1644 2979 1706 3033 A.
1744 2979 1799 3033 οἳ
1832 2981 1882 3031 δ’
1920 2978 1975 3032 L.
2013 2979 2120 3032 οἵδ’
2144 2975 2254 3037 OG,
2293 3007 2355 3016 —
2392 2986 2491 3032 314
2526 2982 2759 3045 τρὼεςςι

474 3049 533 3105 L.
573 3084 631 3090 m
669 3051 767 3102 316
803 3049 853 3099 δ’
887 3048 1015 3112 ἦτοι
1049 3043 1137 3098 Et.
1175 3045 1286 3115 ΜΒ.
1324 3052 1449 3111 484,
1486 3052 1569 3100 43.
1619 3048 1882 3100 ποδώκυς
1921 3045 1988 3099 G.
2037 3047 2300 3101 ποδῶκυς
2348 3045 2574 3100 Baroce.
2619 3034 2756 3100 Mor.

475 3150 633 3204 Cant.
683 3119 947 3214 ποδώκῆἛ
983 3146 1040 3204 L.
1078 3178 1142 3189 —-
1193 3152 1289 3200 317
1328 3149 1361 3200 ὃ
1397 3144 1710 3200 ACDGHL.
1748 3164 1889 3212 μετα
1926 3146 1988 3199 A.
2034 3148 2410 3213 καςιγνήτηιςι
2446 3145 2511 3199 D.
2556 3175 2619 3185 -
2658 3153 2757 3200 318

474 3219 537 3271 ὃς
584 3218 655 3283 ῥὰ
690 3214 844 3271 CDL.
891 3214 1064 3283 τρωςί
1101 3214 1169 3268 G.
1215 3231 1249 3267 τ
1287 3217 1423 3280 ῳςὶν
1467 3213 1528 3270 L.
1574 3250 1639 3258 —
1683 3221 1779 3267 321
1818 3215 1960 3268 ἀλλά
2007 3232 2095 3280 μοι
2140 3214 2202 3268 L.
2246 3215 2373 3268 ἀλλ’
2415 3215 2515 3280 ἆγέ
2560 3230 2649 3279 μοι
2688 3213 2755 3266 H.

475 3288 703 3350 ὀμωςον
730 3282 786 3335 L.
826 3314 888 3321 ——
925 3289 1023 3337 322
1061 3283 1201 3349 ἠμὲν
1226 3231 1319 3334 1⁴51,
1343 3281 1522 3340 Schol.
1551 3284 1594 3335 Α
1620 3287 1702 3336 77.
1743 3286 1817 3349 μὴ
1844 3285 1946 3348 μὲν
1968 3285 2104 3336 τοὺς
2140 3281 2338 3335 Suidas
2366 3281 2432 3347 11,
2458 3289 2505 3346 2,
2536 3286 2680 3348 1181,
2708 3289 2755 3339 2.

471 3355 685 3408 ἵππους
719 3353 784 3404 τὲ
811 3353 874 3405 A.
909 3379 976 3389 —
1011 3356 1110 3404 323
1145 3351 1422 3417 γράφεται
1460 3353 1548 3403 καὶ
1586 3351 1850 3404 ποδώκεα
1886 3353 1976 3404 καὶ
2012 3350 2272 3416 ἀμύμονα
2296 3352 2362 3403 A.
2399 3379 2464 3388 —-
2500 3356 2598 3404 324
2634 3351 2757 3417 οὐχ’

472 3420 519 3473 Ε
554 3425 672 3484 808,
711 3424 792 3472 33.
830 3420 1019 3484 ἔςομαι
1055 3416 1104 3470 G
1147 3425 1189 3471 1.
1226 3433 1373 3474 man.
1411 3417 1594 3505 Apoll.
1631 3416 1765 3473 Lex.
1794 3425 1875 3483 60,
1917 3425 1993 3473 16.
2032 3420 2145 3473 ἄπο
2172 3416 2274 3471 GS.
2314 3419 2430 3473 ἀπο
2465 3418 2529 3473 A.
2568 3447 2631 3457 —
2657 3423 2756 3471 325

474 3488 552 3543 είς
589 3486 656 3540 H.
694 3514 756 3525 —
795 3491 893 3539 328
931 3486 1010 3541 ὡς
1036 3487 1101 3538 A.
1137 3485 1200 3540 ὃς
1226 3483 1286 3539 L.
1321 3489 1469 3551 ἑφαθ
1516 3485 1625 3539 GL.
1663 3487 1747 3540 ὅδ’
1775 3485 1928 3539 CGL.
1966 3488 2215 3552 ὠμοςςεν
2241 3484 2306 3539 G.
2346 3519 2410 3529 --
2447 3490 2546 3539 329
2581 3487 2756 3538 αὐτὸς

473 3558 598 3612 ζεὺς
636 3553 700 3613 D.
736 3582 805 3594 -
839 3560 932 3608 331
972 3557 1182 3623 τρῴων
1216 3554 1359 3608 ἀλλά
1392 3570 1447 3608 ce
1485 3557 1631 3619 φημὶ
1658 3553 1715 3606 L.
1753 3555 1895 3607 ἀλλὰ
1934 3555 1990 3608 ςέ
2026 3571 2168 3621 φημι
2191 3552 2306 3607 ΕΗ.
2341 3554 2486 3606 ἀλλὰ
2522 3553 2578 3606 ςὲ
2611 3555 2756 3619 φημὶ

473 3621 686 3679 ACDG.
735 3652 797 3662 —
834 3627 933 3676 332
971 3622 1049 3675 ὡς
1087 3623 1153 3675 A.
1205 3622 1471 3719 ἐπίορκον
1515 3621 1580 3673 A.
1635 3623 1730 3675 ἐπὶ
1775 3624 1948 3689 ὅρκον
1991 3620 2148 3674 Vrat.
2196 3621 2246 3674 b.
2303 3621 2427 3674 ἐπεὶ
2471 3621 2642 3686 ὅρκον
2688 3619 2755 3677 Η.

472 3744 757 3809 ἐπώμοςεε
804 3741 1070 3805 ἀπώμοςε
1117 3738 1204 3793 ΟΕ
1249 3744 1374 3805 806,
1413 3745 1476 3794 36
1514 3739 1662 3793 GLS.
1699 3741 2030 3804 ἀπώμοςςεν
2066 3738 2131 3795 D.
2167 3690 2432 3804 ὀπώμοςε
2472 3736 2537 3792 H.
2572 3755 2656 3805 γρ.
2684 3738 2755 3793 ἐπ

475 3811 516 3865 C
553 3827 698 3864 man.
739 3826 850 3863 rec.
889 3810 1109 3874 ὠμοςεν
1145 3807 1329 3861 Schol.
1369 3810 1402 3862 Γ
1438 3813 1554 3862 276.
1593 3810 1833 3875 ὀρόθυνε
1869 3806 1933 3860 G.

609 4018 675 4068 A.
714 4032 762 4066 c.
815 4017 912 4067 317
949 4015 1342 4081 καςιγνήτῃςιν
1366 4012 1743 4066 Arisssarchus:
1782 4010 2097 4066 zenodotus
2132 4012 2518 4078 καςιγνήτοιςι.
2552 4042 2621 4068 -,
2656 4019 2747 4067 321

473 4083 659 4136 οὕτως
695 4083 932 4146 ἀνάςχεο
968 4084 1057 4136 διὰ
1078 4087 1183 4136 τοῦ
1220 4087 1253 4135 6
1275 4082 1331 4137 αἱ
1356 4083 1690 4149 ἀριςτάρχου
1717 4079 2054 4147 Didymus,
2091 4109 2155 4119 —
2192 4085 2292 4133 324
2327 4082 2390 4133 ἐν
2415 4083 2473 4135 δὲ
2509 4088 2595 4150 τῷ
2631 4083 2757 4148 οὐχ’

474 4153 628 4205 ἅλιος
666 4150 873 4204 ςκοπὸς
910 4151 1128 4216 ἔςςομαι
1162 4150 1470 4217 γράφουςιν
1507 4151 1561 4204 οἱ
1596 4151 1726 4216 περὶ
1762 4149 2084 4214 Ἡρόδωρον
2126 4150 2213 4201 ὅτι
2251 4149 2487 4215 εὕρομεν
2523 4151 2583 4203 ἐν
2620 4152 2755 4204 πολ·

477 4220 592 4270 λοίς
628 4217 705 4271 εἰς
742 4219 812 4271 τὸ
848 4221 898 4282 ἶ
932 4218 1264 4284 ἀπόςτοφον
1300 4217 1453 4271 Euat.
1491 4223 1609 4282 809,
1644 4223 1692 4270 4.
1734 4251 1789 4260 -
1830 4222 1927 4270 332
1963 4218 2146 4270 οὕτως
2190 4217 2280 4270 διὰ
2323 4222 2427 4271 τοῦ
2468 4225 2502 4271 ἐ
2549 4219 2618 4271 τὸ
2659 4219 2753 4273 ἐπ·

477 4284 696 4347 ώμοςεν
731 4285 788 4337 αἱ
823 4285 1154 4352 ἀριςτάρχου
1191 4284 1536 4352 Didymae.
