3144 5006
501 396 626 462 164
1426 400 1756 456 ιΛιΑΔος
1793 362 1869 454 ζ’

584 554 622 613 5
835 549 990 617 Αἴας
1034 551 1105 617 δὲ
1150 554 1408 631 πρῶτος
1452 553 1893 632 Τελαμώνιος,
1938 552 2124 630 ἕρκος
2169 551 2468 631 Ἀχαιῶν,

667 652 913 730 Τρώων
960 652 1106 733 ῥῆξε
1151 655 1489 735 φάλαγγα,
1535 654 1719 734 φόως
1763 654 1820 718 δ’
1863 653 2179 734 ἑτάροιςιν
2222 654 2479 733 ἔθηκεν,

666 753 873 834 ἄνδρα
917 756 1167 838 βαλών,
1216 756 1289 821 ὃς
1332 753 1590 834 ἅριςτος
1637 756 1735 821 ένὶ
1778 756 2075 839 Θρῄκεςςι
2119 755 2415 833 τέτυκτο,

666 855 809 921 υἱὸν
854 856 1237 936 Ἐυςςώρου,
1282 856 1612 936 Ἀκάμαντ’
1656 856 1776 936 ἠύν
1820 878 1889 922 τε
1934 857 2131 936 μέγαν
2175 876 2265 922 τε.

663 958 778 1023 τόν
825 957 883 1037 ῤ’
926 956 1113 1037 ἔβαλε
1157 961 1416 1037 πρῶτος
1461 958 1735 1038 κόρυθος
1778 959 2000 1040 φάλον
2043 958 2476 1038 ἱπποδαςείης,

543 1064 622 1122 10
665 1058 736 1124 ἐν
782 1060 852 1124 δὲ
896 1059 1174 1142 μετώπῳ
1219 1062 1408 1142 πῆξε,
1453 1059 1685 1140 πέρηςε
1728 1060 1786 1125 δ’
1828 1060 1929 1140 ἄρ’
1974 1060 2200 1126 ὀςτέον
2246 1060 2394 1126 εἴςω

665 1159 850 1239 αἰχμὴ
894 1160 1180 1239 χαλκείη·
1227 1162 1344 1227 τὸν
1391 1162 1463 1226 δὲ
1507 1163 1733 1227 ςκότος
1779 1160 1923 1228 ὄςςε
1969 1163 2282 1242 κάλυψεν.

831 1248 1105 1326 ’Ἄξυλον
1152 1262 1209 1327 δ’
1253 1262 1353 1341 ἄρ’
1396 1262 1645 1344 ἔπεφνε
1693 1266 1851 1343 βοὴν
1896 1262 2137 1340 ἀγαθὸς
2180 1263 2508 1343 Διομήδης

662 1363 1126 1441 Τευθρανίδην,
1174 1364 1247 1429 ὃς
1290 1363 1503 1430 ἔναιεν
1548 1365 1876 1450 ἐυκτιμένῃ
1922 1365 1993 1429 ἐν
2036 1365 2282 1449 Ἀρίςβῃ

664 1463 934 1543 ἀφνειὸς
981 1465 1253 1547 βιότοιο,
1300 1466 1493 1547 φίλος
1538 1467 1597 1531 δ’
1639 1464 1719 1545 ἦν
1767 1467 2186 1547 ἀνθρώποιςι·

542 1571 617 1627 15
662 1565 909 1630 πάντας
951 1566 1077 1644 γὰρ
1120 1566 1450 1646 φιλέεςκεν
1494 1567 1632 1650 ὁδῷ
1677 1568 1783 1632 ἔπι
1829 1568 1990 1634 οἰκία
2033 1569 2249 1633 ναίων.
2338 1643 2351 1654 .
2470 1616 2477 1625 .

662 1667 827 1731 ἀλλά
873 1666 935 1732 οἱ
980 1666 1059 1732 οὔ
1101 1687 1217 1733 nc‘
1237 1672 1369 1735 τῶν
1412 1690 1485 1746 γε
1528 1669 1663 1734 τότ’
1704 1670 1926 1750 ἤρκεςε
1970 1669 2211 1749 λυγρὸν
2257 1667 2530 1748 ὄλεθρον

661 1768 939 1848 πρόςθεν
985 1767 1405 1853 ὑπαντιάςας,
1450 1770 1594 1835 ἀλλ’
1637 1770 1834 1853 ἄμφω
1880 1773 2082 1851 θυμὸν
2127 1770 2412 1851 ἀπηύρα,

663 1871 864 1936 αὐτὸν
907 1872 1011 1935 καὶ
1053 1872 1421 1950 θεράποντα
1469 1873 1811 1965 Καλήςιον,
1858 1873 1931 1937 ὅς
1978 1872 2060 1953 ῥα
2100 1873 2235 1937 τόθ’
2276 1873 2498 1938 ἵππων

663 1972 842 2037 ἔςκεν
887 1971 1276 2051 ὑφηνίοχος·
1320 1975 1410 2038 τώ
1457 1974 1513 2038 δ’
1558 1973 1755 2055 ἄμφω
1799 1977 1991 2051 γαῖαν
2035 1973 2280 2053 ἐδύτην.

537 2079 618 2137 20
830 2073 1093 2151 Δρῆςον
1137 2074 1194 2138 δ’
1237 2074 1563 2154 Εὐρύαλος
1609 2077 1710 2138 καὶ
1753 2074 2096 2155 Ὀφέλτιον
2141 2073 2483 2154 ἐξενάριξε·

666 2179 742 2256 βῆ
790 2176 860 2239 δὲ
906 2174 1037 2253 μετ’
1079 2173 1361 2254 Αἴςηπον
1406 2174 1507 2238 καὶ
1549 2172 1884 2253 Πήδαςον,
1932 2175 2055 2273 οὕςι
2091 2196 2251 2241 ποτε
2295 2175 2513 2256 νύμφη

661 2277 796 2355 νηὶς
840 2275 1226 2354 Ἀβαρβαρέη
1270 2275 1396 2339 τέκ’
1440 2275 1717 2354 ἀμύμονι
1763 2275 2177 2341 Βουκολίωνι.

663 2374 1034 2442 Βουκολίων
1080 2375 1138 2441 δ’
1180 2374 1259 2454 ἦν
1305 2375 1442 2442 υἱὸς
1487 2375 1734 2453 ἀγαυοῦ
1779 2377 2229 2456 Λαομέδοντος

662 2477 1090 2559 πρεςβύτατος
1133 2483 1352 2560 γενεῇ,
1400 2478 1649 2544 ςκότιον
1694 2478 1765 2544 δέ
1809 2478 1841 2544 ἑ
1884 2479 2140 2556 γείνατο
2187 2481 2416 2561 μήτηρ·

535 2587 614 2646 25
659 2579 1020 2660 ποιμαίνων
1066 2579 1124 2645 δ’
1167 2579 1267 2643 ἐπ’
1310 2578 1473 2645 ὄεςςι
1516 2581 1661 2660 μίγη
1706 2580 2001 2661 φιλότητι
2047 2581 2149 2646 καὶ
2191 2582 2378 2666 εὐνῇ,

659 2685 700 2761 ἢ
743 2682 799 2746 δ’
844 2680 1289 2760 ὑποκυςαμένη
1334 2682 1680 2761 διδυμάονε
1724 2682 1981 2759 γείνατο
2027 2686 2231 2749 παῖδε.

660 2785 760 2849 καὶ
804 2784 919 2862 μὲν
963 2790 1096 2848 τῶν
1139 2780 1412 2848 ύπέλυςε
1458 2783 1651 2863 μένος
1696 2786 1799 2849 καὶ
1839 2786 2111 2866 φαίδιμα
2152 2789 2299 2862 γυῖα

602 2906 610 2932 ³
664 2885 1302 2967 Μηκιςτηιάδης,·καὶ
1347 2885 1457 2950 ἀπ’
1502 2884 1699 2964 ὤμων
1742 2886 1948 2966 τεύχε’
1993 2885 2200 2951 ἐςύλα.

828 2986 1172 3052 Ἀςτύαλον
1218 2986 1276 3050 δ’
1320 2986 1421 3067 ἄρ’
1465 2986 1711 3067 ἔπεφνε
1755 2989 2227 3069 μενεπτόλεμος
2270 2989 2714 3071 Πολυποίτης·

628 3242 696 3296 V.
732 3261 779 3294 1..
833 3244 864 3293 6
899 3241 1109 3308 τρῲων
1145 3237 1257 3293 GL.
1292 3267 1358 3277 -
1394 3245 1422 3294 7
1462 3241 1679 3304 βαλὼνε
1717 3242 1911 3305 λαβὼν
1944 3238 2012 3293 Η.
2058 3241 2121 3295 ἐν
2150 3240 2222 3295 Μ.
2261 3272 2326 3281 -
2361 3248 2394 3297 8
2430 3244 2681 3311 εὐςώρου
2708 3244 2775 3299 N.

492 3313 786 3377 ἀκάμαντα
819 3305 944 3361 ΜΟ.
996 3342 1060 3351 -
1114 3312 1145 3361 9
1179 3309 1285 3360 τὸν
1320 3308 1390 3374 ῥὰ
1425 3309 1558 3373 βάλε
1597 3306 1662 3360 G.
1688 3335 1692 3340 ’
1717 3336 1782 3346 -
1843 3314 1904 3362 10
1939 3308 2047 3375 πέρ
2090 3325 2184 3363 ςεν
2218 3308 2286 3369 Η.
2340 3312 2376 3364 ἂ
2444 3308 2774 3366 DGLMNO.

491 3382 526 3434 ὰ
597 3382 663 3432 A.
706 3406 765 3416 —-
807 3382 867 3428 11
904 3378 1073 3430 τονδε
1106 3372 1175 3426 D.
1223 3376 1336 3429 6cc’
1380 3376 1664 3440 ἐκάλυψεν
1701 3373 1990 3429 CHLMOS
2036 3392 2068 3430 ο
2128 3374 2336 3446 Heynii
2407 3378 2511 3431 'bri
2550 3382 2779 3448 praeter

551 3463 629 3501 or.
671 3476 732 3485 -
773 3449 835 3497 12
871 3444 1079 3513 &Zukoy
1114 3441 1270 3495 Vrat.
1311 3449 1336 3495 1
1376 3442 1512 3510 (sic).
1557 3444 1627 3510 ἂρ
1664 3440 1992 3497 DGLMNO.
2028 3446 2099 3512 ὰρ
2133 3445 2198 3498 A.
2240 3475 2297 3486 —
2341 3452 2404 3499 14
2438 3447 2779 3513 ἀνθρώποιςι

491 3533 914 3593 ΑοοΕοΗΝο.
951 3565 1013 3574 -
1057 3541 1118 3588 15
1156 3535 1372 3589 πάντα(
1411 3537 1510 3600 μὲν
1545 3534 1729 3589 Schol.
1764 3539 1793 3591 z
1828 3543 1943 3591 305.
1979 3539 2094 3592 em:
2132 3538 2223 3592 ἐπι
2262 3537 2414 3592 CGL.
2452 3517 2614 3593 επῖο
2637 3540 2775 3606 (sic).

491 3610 573 3663 ἑνὶ
607 3604 730 3659 HN.
765 3603 1003 3659 ἐπιοικία
1037 3601 1101 3656 D.
1141 3633 1206 3642 -
1244 3609 1307 3656 16
1340 3608 1461 3656 τῶν
1495 3619 1588 3670 γει
1632 3605 1805 3669 τόνγε
1843 3606 1907 3658 A.
1945 3635 2009 3644 -
2048 3610 2110 3658 17
2146 3606 2225 3659 ἀπ
2266 3611 2372 3674 Ορα
2408 3606 2473 3659 D.
2519 3608 2672 3673 ἀπηύ
2713 3625 2778 3662 εν

491 3675 540 3731 G
578 3692 647 3729 ex
683 3690 821 3728 corr.
857 3702 923 3711 —
962 3677 1025 3726 18
1061 3672 1123 3725 ὃς
1160 3673 1230 3738 ῥὰ
1264 3668 1435 3725 DNO.
1472 3700 1537 3710 -
1576 3678 1639 3726 19
1674 3672 2038 3755 ὑφᾋνίοχος
2074 3672 2218 3728 ACD
2304 3681 2345 3727 1.
2370 3690 2516 3728 man.
2553 3625 2709 3729 Lffig
2730 3683 2778 3729 1.

491 3776 638 3813 man.
682 3758 767 3810 τὼ
803 3758 878 3811 δέ
915 3758 1001 3808 τὼ
1037 3754 1105 3807 Η.
1157 3756 1301 3821 τώγ’
1336 3753 1403 3810 G.
1442 3783 1507 3794 ——
1543 3762 1610 3810 20
1653 3758 1685 3809 δ
1722 3759 1911 3822 ῆςόντ-’
1952 3756 2020 3810 Η.
2075 3758 2350 3824 ἐξενάριξε
2391 3755 2774 3813 ACGHMNO.

490 3859 551 3868 --
593 3828 658 3880 2'2
694 3826 819 3893 νηῖς
864 3826 930 3889 βα
1000 3824 1138 3891 αρέη
1176 3822 1244 3875 Ν.
1290 3852 1356 3861 -
1400 3828 1465 3877 24
1500 3826 1562 3878 δὲ
1608 3824 1636 3877 ἓ
1730 3866 1739 3877 .
1795 3826 1844 3877 δ’
1889 3827 1915 3878 ἑ
1952 3824 2019 3878 D.
2054 3855 2120 3864 -
2156 3831 2222 3878 26
2267 3827 2357 3892 ἥδ’
2401 3824 2775 3885 CGHLMNO.

491 3895 888 3960 ὑποκυςαμένη
981 3890 1052 3944 Οε
1089 3892 1475 3956 ὑποκυςςαμέν
1543 3890 1986 3946 ACDEGHLMS
2021 3892 2166 3962 Lips.
2202 3895 2487 3958 διδυμάον’
2520 3894 2777 3958 ἐγείνατο

490 3965 547 4018 Μ
583 3962 751 4017 Mose.
791 3967 835 4014 1.
872 3989 939 4000 -
974 3964 1039 4013 27
1078 3960 1168 4013 καὶ
1205 3962 1315 4026 μὴν
1340 4000 1352 4012 .
1381 4005 1393 4016 .
1421 4000 1433 4012 .
1460 3909 1731 4014 ,Ἐπέλυςε
1778 3959 1945 4024 Μοβο.
1985 3967 2030 4014 1.
2072 3991 2135 4000 --
2172 3966 2238 4015 28
2276 3961 2632 4029 μηκιςτιάδης
2664 3961 2777 4016 DL.

492 4063 555 4072 —
594 4037 660 4085 29
696 4032 973 4084 άςτυλλον
1009 4026 1177 4082 Mose.
1213 4034 1261 4081 3.
1315 4028 1385 4095 ἂρ
1419 4025 1795 4081 DEGLMNO.
1849 4030 1918 4096 ἀρ
1953 4029 2021 4087 A.
2560 4057 2569 4066 -

626 4252 692 4303 A.
728 4267 775 4303 ο.
833 4255 896 4303 21
936 4250 991 4304 οἱ
1026 4253 1153 4318 περὶ
1193 4249 1543 4317 Ἀρίςταρχον
1580 4250 1845 4318 Πήρεχον
1876 4251 1986 4315 τὴν
2010 4248 2277 4316 Πήδαςον
2313 4250 2567 4316 λέγουςιν
2593 4249 2778 4307 Schol.
2896 4304 2913 4311 -

492 4313 654 4370 BLV.
