3144 5006
438 400 565 465 286
1365 402 1701 458 ιΛιΑΔος
1750 403 1805 460 κ.

614 555 731 636 βάν
779 555 835 634 ῥ’
881 555 1072 639 ἰέναι,
1119 556 1380 635 λιπέτην
1426 558 1496 620 δὲ
1540 556 1675 620 κατ’
1718 555 1940 621 αὐτόθι
1982 554 2228 622 πάντας
2273 556 2582 636 ἀρίςτους.

610 659 766 723 τοῖςι
811 660 883 722 δὲ
930 659 1141 723 δεξιὸν
1187 657 1337 736 ἧκεν
1383 658 1655 740 ἐρῳδιὸν
1701 656 1891 734 ἐγγὺς
1935 657 2124 724 ὁδοῖο

445 762 564 820 275
611 758 877 824 Παλλὰς
922 760 1244 837 Ἀθηναίη·
1288 758 1385 823 τοὶ
1430 760 1487 823 δ’
1530 757 1651 824 οὐκ
1694 757 1839 825 ἴδον
1885 759 2273 841 ὀφθαλμοῖςι

612 860 810 927 νύκτα
852 861 932 925 δι’
977 856 1318 943 ὀρφναίην,
1369 858 1535 925 ἀλλὰ
1581 861 1975 938 κλάγξαντος
2020 860 2320 929 ἄκουςαν.

610 963 790 1041 χαῖρε
834 963 905 1027 δ“ε
949 968 1041 1044 τῷ
1086 962 1287 1040 ὄρνιθ’
1331 961 1661 1047 Ὀδυςεὺς,
1707 963 1907 1041 ἠρᾶτο
1954 965 2011 1029 δ’
2055 964 2313 1049 Ἀθήνῃ·

779 1065 959 1128 κλῦθί
1003 1083 1119 1142 μευ
1163 1062 1479 1142 αἰγιόχοιο
1524 1066 1687 1130 Διὸς
1733 1066 1948 1149 τέκος,
1992 1065 2031 1142 ἥ
2078 1066 2146 1130 τέ
2190 1087 2297 1146 μοι
2343 1066 2465 1131 αἰεὶ

609 1164 681 1230 ἐν
725 1165 1018 1230 πάντεςςι
1063 1164 1313 1230 πόνοιςι
1357 1164 1761 1249 παρίςταςαι,
1808 1167 1963 1232 οὐδέ
2009 1187 2075 1232 ςε
2121 1170 2296 1247 λήθω

443 1271 568 1330 280
613 1266 976 1345 κινύμενος·
1023 1270 1141 1331 νῦν
1187 1265 1338 1331 αὖτε
1385 1268 1648 1346 μάλιςτά
1692 1288 1765 1347 με
1811 1272 1994 1350 φῖλαι
2040 1269 2293 1350 Ἀθήνη,

610 1367 724 1431 δὸς
770 1369 840 1432 δὲ
885 1367 1077 1433 πάλιν
1123 1368 1228 1432 ἐπὶ
1271 1372 1430 1446 νῆας
1475 1369 1765 1437 ἐυκλεῖας
1811 1370 2162 1451 ἀφικέςθαι,

610 1467 914 1548 ῥέξαντας
958 1470 1120 1548 μέγα
1163 1470 1381 1553 ἔργον,
1428 1471 1467 1535 ὅ
1512 1491 1581 1537 κε
1627 1472 1901 1551 Τρώεςςι
1946 1473 2210 1552 μελήςει.

778 1571 1082 1650 δεύτερος
1127 1572 1265 1637 αὔτ’
1308 1571 1511 1651 ἠρᾶτο
1559 1575 1717 1654 βοὴν
1762 1572 2003 1651 ἀγαθὸς
2047 1574 2409 1653 Διομήδης·

607 1672 856 1737 κέκλυθι
903 1677 1021 1738 νῦν
1066 1675 1169 1738 καὶ
1212 1671 1385 1754 ἐμεῖο
1430 1675 1595 1740 Διὸς
1637 1674 1855 1757 τέκος,
1903 1673 2266 1755 ἀτρυτώνη·

442 1778 564 1836 285
612 1773 794 1839 ςπεῖό
841 1794 976 1858 μοι,
1023 1774 1115 1839 ὡς
1160 1774 1267 1840 ὅτε
1313 1777 1503 1855 πατρὶ
1548 1776 1652 1857 ἅμ’
1696 1777 1885 1842 ἕςπεο
1930 1777 2119 1842 Τυδέι
2161 1779 2279 1860 δίῳ

607 1875 674 1941 ἐς
718 1875 962 1958 Θήβας,
1011 1878 1117 1942 ὅτε
1161 1898 1229 1942 τε
1275 1878 1403 1955 πρὸ
1449 1878 1720 1958 Ἀχαιῶν
1765 1877 2081 1956 ἄγγελλος
2125 1880 2237 1962 ᾔει.

606 1979 759 2043 τοὺς
804 1978 860 2041 δ’
904 1977 1004 2057 ἄρ’
1050 1979 1150 2043 ἐπ’
1194 1978 1460 2063 Ἀςωπῷ
1509 1980 1650 2045 λίπε
1695 1981 2172 2058 χαλκοχίτωνας
2217 1981 2533 2062 Ἀχαιούς,

609 2079 813 2166 αὐτὰρ
860 2081 897 2144 ὃ
942 2080 1251 2159 μειλίχιον
1297 2085 1499 2159 μῦθον
1545 2081 1708 2161 φέρε
1757 2081 2107 2160 Καδμείοιςι

607 2182 785 2246 κεῖς’·
832 2180 994 2260 ἀτὰρ
1039 2181 1133 2260 ἂψ
1180 2180 1390 2246 ἀπιὼν
1436 2183 1603 2260 μάλα
1648 2182 1922 2262 μέρμερα
1965 2182 2202 2261 μήςατο
2247 2182 2404 2260 ἔργα

441 2289 565 2347 290
608 2283 721 2347 ςύν
767 2283 865 2347 ςοὶ
908 2284 1016 2346 δῖα
1061 2283 1209 2362 θεά,
1256 2283 1367 2347 ὅτε
1413 2283 1475 2347 οἱ
1519 2283 1900 2363 πρόφραςςα
1942 2283 2275 2362 παρέςτης.

570 2518 635 2575 V.
674 2537 718 2573 1..
781 2524 879 2573 273
919 2520 1021 2583 βᾶν
1055 2517 1125 2572 H.
1162 2521 1295 2586 παρ’
1341 2520 1538 2573 αὐτόθι
1577 2518 1641 2571 G.
1679 2548 1744 2558 -
1791 2525 1890 2573 274
1927 2521 2187 2587 ἐρωιδῖὸν
2225 2519 2282 2573 C.
2331 2551 2390 2559 —
2432 2525 2531 2573 275
2570 2521 2724 2574 εἶδον

437 2585 547 2641 GL.
587 2588 921 2654 ὁφθαλμοῑςι
947 2585 1214 2641 ACDGH.
1250 2617 1311 2626 --
1353 2593 1452 2641 276
1476 2589 1811 2655 διορφναίην
1835 2586 1903 2640 D.
1941 2617 2003 2626 —
2030 2593 2128 2642 277
2155 2589 2332 2653 ὄρνιθι
2356 2587 2508 2641 Eunt.
2532 2594 2611 2653 12,
2630 2593 2721 2653 29;

435 2661 551 2720 514,
588 2659 669 2711 21.
715 2655 784 2707 τὸ
822 2655 881 2708 δὲ
925 2660 1081 2722 χαῖρε
1126 2656 1186 2708 δὲ
1219 2660 1302 2720 τῷ
1353 2656 1531 2723 ὄρνιθι
1570 2656 1861 2710 Ὀδυςςεὺς
1899 2656 1952 2711 οἱ
1998 2657 2098 2721 μὲν
2149 2657 2272 2709 κατ’
2306 2658 2560 2722 ἔκθλιψιν
2594 2656 2722 2723 γρά-

434 2739 599 2789 φουςι
635 2727 790 2789 χαῖρε
837 2725 898 2776 δὲ
932 2728 1017 2790 τῷ
1057 2724 1237 2790 ὄρνιθ’
1275 2723 1575 2790 Ὀδυςεύς,
1631 2723 1685 2778 οἱ
1729 2724 1788 2776 δέ
1837 2726 2063 2777 παλαιοὶ
2110 2724 2354 2778 ἐντελῶς
2402 2724 2723 2790 γράψαντες

437 2809 780 2875 παράγουςιν
816 2807 960 2861 αὐτὸ
996 2807 1075 2863 εἰς
1112 2810 1346 2863 ἔνδειξιν
1392 2809 1722 2874 ςυνιζήςεως
1760 2809 1861 2862 δύο
1900 2812 2174 2874 βραχειῶν
2205 2811 2496 2874 ςυλλαβῶν
2533 2812 2635 2873 τῆς
2673 2812 2724 2860 θι

435 2879 525 2930 καὶ
561 2880 663 2943 τῆς
700 2881 749 2929 ’ὅ
786 2875 866 2931 εἰς
903 2875 1034 2941 μίαν
1070 2879 1331 2943 βραχεῖαν
1365 2876 1519 2929 Eust.
1555 2881 1672 2940 805,
1712 2881 1789 2930 18.
1827 2876 2087 2931 ὁδυςςεὺς
2126 2874 2287 2930 CDG.
2328 2905 2389 2914 -
2428 2880 2526 2929 278
2564 2876 2723 2929 κλῦθί

437 2995 526 3043 μοι
563 2976 711 3032 CDH
750 2976 932 3032 Schol.
979 2976 1148 3097 Sth.
1199 2976 1283 3030 Ai.
1338 2984 1377 3031 1.
1427 2979 1590 3032 κλῦθί
1627 2955 1734 3043 'affl’
1759 2978 1825 3029 A.
1877 2979 1979 3043 ἥτέ
2018 2994 2107 3041 μοι
2145 2976 2351 3055 ΑβΗΙι.
2390 2978 2493 3042 ήτέ
2530 2994 2620 3042 μοι
2656 2976 2722 3030 D.

434 3075 497 3084 —
537 3050 636 3099 280
683 3047 1012 3110 κιννύμενος
1098 3085 1108 3096 .
1156 3050 1260 3098 νῦν
1303 3046 1353 3097 δ’
1390 3044 1456 3097 D.
1504 3048 1663 3110 φῖλαι
1699 3048 1763 3102 Α.
1808 3045 1966 3111 φίλαι
2002 3044 2098 3099 DE
2146 3044 2208 3096 L1
2252 3063 2293 3098 s.
2338 3046 2489 3111 φίλε’
2532 3041 2723 3098 CGHL

436 3111 594 3166 Cant.
630 3113 768 3167 Mor.
807 3111 960 3165 Harl.
997 3111 1212 3169 Townl.
1241 3111 1395 3167 Vrat.
1421 3112 1474 3164 b.
1501 3129 1546 3169 c.
1572 3114 1636 3165 A.
1673 3112 1839 3166 Mose.
1879 3120 1925 3166 3.
1961 3114 2030 3166 τὸ
2068 3114 2128 3166 δὲ
2164 3130 2208 3179 φ
2234 3117 2320 3166 λαι
2359 3113 2502 3167 κατὰ
2538 3112 2724 3166 πολλὰ

433 3186 555 3235 τῶν
604 3183 860 3235 παλαιῶν
904 3180 1274 3247 ἀντιγράφων
1320 3181 1398 3234 ῶς
1445 3182 1560 3233 άπὸ
1604 3185 1709 3233 *too
1746 3180 1946 3248 φίλημι
1981 3182 2257 3248 ῥήματος,
2309 3181 2493 3234 πολλὰ
2530 3181 2723 3246 μέντοι

435 3254 556 3302 τῶν
591 3248 960 3314 ἀντιγράφων
994 3252 1441 3334 ψιλογραφοθςιν
1477 3248 1621 3302 αὐτὸ
1659 3249 1773 3302 ἀπὸ
1810 3253 1915 3302 τοῦ
1941 3248 2101 3313 φίλεε
2129 3250 2271 3302 κατὰ
2307 3249 2580 3313 ἔκθλιψιν,
2617 3251 2723 3299 νῦν

435 3316 572 3370 αὔτε
609 3315 840 3381 μάλιςτά
875 3331 942 3380 με
980 3315 1132 3382 φίλε’
1188 3315 1306 3382 Αθή
1415 3313 1567 3369 Euat.
1605 3319 1722 3381 805,
1760 3321 1851 3380 30,
1887 3314 2030 3369 conf.
2068 3315 2139 3370 ad
2173 3316 2210 3368 Ε
2250 3321 2363 3369 117.
2401 3344 2463 3354 —-
2500 3319 2593 3367 281
2633 3313 2722 3367 ἐϋ-

435 3385 620 3441 κλεῑᾶς
656 3386 719 3440 A.
757 3383 1012 3438 ἐῠκλείας
1049 3380 1191 3437 CHL
1225 3332 1447 3452 Ehvssg.
1474 3387 1591 3449 392,
1615 3389 1698 3438 20.
1732 3383 1927 3437 Zonar.
1953 3381 2084 3437 Lex.
2122 3388 2239 3438 908.
2283 3383 2535 3438 εὐκλείας
2554 3379 2720 3435 DEG.

435 3486 721 3551 ἐφικέςθαι
757 3483 822 3537 A.
860 3514 923 3523 —
961 3489 1060 3539 382
1097 3500 1197 3538 κεν
1232 3482 1590 3543 ACDEGHL.
1625 3487 1858 3554 τρῲεςςι
1893 3483 1952 3538 L.
1990 3487 2200 3552 μελήςη
2227 3483 2283 3537 C.
2320 3461 2550 3549 μελήςὲιι
2575 3481 2632 3535 L.
2655 3511 2718 3522 —

436 3559 535 3607 284
572 3554 733 3606 κλύθι
769 3551 837 3604 H.
875 3553 1033 3617 ἐμοῖο
1057 3551 1100 3604 L
1123 3551 1263 3607 Mor.
1300 3582 1366 3590 —
1401 3558 1501 3607 286
1536 3570 1600 3608 τε
1638 3553 1818 3609 omitt.
1854 3551 2002 3605 DGL
2033 3551 2180 3620 Lips.
2216 3552 2455 3616 ἄγγελος
2490 3552 2629 3617 ἦλθε
2652 3549 2720 3605 D.

435 3651 500 3662 -
538 3626 634 3674 287
673 3622 742 3688 ἂρ
776 3618 986 3677 DEGL.
1023 3622 1093 3687 ἀρ
1130 3622 1194 3672 A.
1230 3620 1473 3675 ἀςςωπῶ
1511 3619 1613 3675 CL.
1660 3621 2078 3717 χαλκςριίτωνας
2115 3622 2179 3672 Α.
2217 3649 2281 3657 -
2318 3622 2417 3672 288
2454 3618 2486 3671 δ
2522 3615 2720 3672 ACDG

435 3722 551 3777 HL.
591 3724 887 3789 καδμείοιςι
931 3720 1145 3776 ACGH.
1190 3751 1252 3760 -
1301 3726 1399 3775 289
1444 3723 1592 3777 αὐτὰ
1662 3720 1779 3775 DG.
1824 3725 1905 3787 ἂψ
1950 3722 2133 3776 λιπὼν
2167 3718 2228 3774 L.
2279 3755 2343 3763 —
2388 3725 2487 3774 290
2522 3720 2610 3774 δία
2646 3718 2717 3776 D.

436 3793 534 3847 δτέ
570 3792 622 3846 01
660 3789 800 3846 CHL
835 3790 920 3844 Et.
956 3789 1070 3860 Mg.
1108 3795 1223 3854 691,
1261 3795 1342 3842 41.
1381 3807 1575 3857 προφρ
1617 3807 1681 3844 ςα
1716 3788 1766 3841 D
1804 3788 2014 3843 Townl.
2051 3788 2206 3841 Vrat.
2244 3804 2289 3843 ο.

570 3995 635 4049 A.
658 4013 704 4050 ο.
762 4001 863 4050 273
899 3997 1025 4049 κατ’
1059 3996 1257 4049 αὐτόθι
1299 3992 1677 4057 Herodianus,
1724 4007 1835 4045 non
1873 3993 2177 4046 καταυτόθι
2211 3990 2301 4045 vel
2339 3992 2465 4045 κάτ’
2505 3992 2717 4050 αὐτόθι.

433 4095 500 4104 -
525 4069 626 4118 274
660 4064 900 4131 ἐρῳδιὸν
923 4061 1301 4127 Ηοτοάίιιιιιιει,
1350 4061 1493 4116 conf.
1529 4060 1600 4113 H.
1638 4059 1700 4114 U.
1738 4066 1853 4113 215.
1905 4091 1961 4099 —
2007 4066 2108 4114 275
2142 4059 2402 4114 Παλλάςε
2440 4060 2718 4128 Ζώπυρος

435 4135 497 4187 δέ
542 4132 670 4185 ἀντὶ
715 4136 820 4186 τοῦ
865 4132 1097 4186 Παλλὰς
1144 4130 1435 4196 ,,πελλὸν“
1480 4130 1702 4197 γράφει.
1759 4129 1886 4195 τρία
1930 4129 2037 4195 γάρ
2081 4144 2216 4195 φηςι
2261 4128 2398 4195 γένη
2444 4128 2717 4194 ἐρωδιῶν,

436 4198 672 4263 πελλός,
712 4199 1025 4266 πύγαγρος,
1065 4201 1156 4253 καὶ
1189 4197 1381 4263 τρίτος
1417 4197 1448 4251 ὁ
1486 4196 1803 4265 ἀφροδίςιος
1839 4195 1991 4252 Euat.
2020 4201 2137 4258 804,
2175 4201 2256 4261 62,
2294 4195 2500 4249 similia
2534 4193 2715 4252 Schol.

435 4264 547 4317 LV.
586 4294 646 4304 —-
683 4271 783 4319 277
821 4268 883 4320 ἐκ
920 4268 1172 4334 πλήρους
1218 4269 1397 4333 ὄρνιθι
1442 4264 1625 4319 Schol.
1660 4264 1729 4329 V,
1777 4263 1919 4319 conf.
1957 4263 2024 4319 H.
2062 4262 2129 4322 U.
2169 4269 2283 4317 126.
2320 4293 2385 4303 —
2420 4269 2521 4318 278
2557 4264 2718 4318 κλῦθί
2798 4301 2819 4309 -

437 4347 552 4398 μοι,
590 4332 732 4386 conf.
768 4332 840 4387 ad
875 4333 911 4386 Ε
954 4339 1063 4386 115.
1099 4362 1166 4372 -
1203 4339 1300 4388 281
1337 4335 1590 4389 ἐϋκλεῖας
1627 4332 2005 4399 Aristan-ohne,
2044 4331 2188 4386 conf.
2226 4331 2294 4386 H.
2330 4330 2397 4385 U.
2437 4337 2548 4389 156.
