3144 5006
207 378 215 387 ’
313 450 317 454 -
424 410 552 475 286
644 407 651 414 ’
1357 409 1694 465 ιΛιΑΔος
1752 410 1812 464 x.

595 564 712 629 τὸν
761 564 818 628 δ’
862 562 899 627 ὁ
944 563 1158 644 γέρων
1204 565 1454 630 ἐλεεινὰ
1496 566 1827 643 προςηύδα
1871 566 2088 642 χεῖρας
2131 562 2435 642 ὀρεγνύς·

765 666 1028 748 Ἕκτορ,
1075 666 1155 745 μή
1200 686 1306 745 μοι
1350 666 1556 744 μίμνε,
1603 666 1800 747 φίλον
1844 665 2057 747 τέκος,
2102 665 2302 744 ἀνέρα
2345 668 2594 729 τοῦτον

593 765 738 831 οἷος
783 766 1000 832 ἄνευθ’
1044 766 1294 844 ἄλλων,
1337 767 1448 833 ἵνα
1492 769 1574 845 μὴ
1617 767 1781 845 τάχα
1824 762 2074 844 πότμον
2120 766 2384 850 ἐπίςπῃς

464 872 549 931 40
590 869 913 947 Πηλείωνι
959 870 1206 952 δαμείς,
1253 869 1391 933 ἐπεὶ
1432 867 1691 946 ἦ-πολὺ
1738 868 2051 949 φέρτερός
2097 868 2260 950 ἐςτι,

593 970 908 1049 ςχέτλιος·
954 970 1092 1036 αἴθε
1136 973 1332 1035 θεοῑςι
1378 970 1569 1051 φίλος
1613 971 1914 1036 τοςςόνδε
1959 969 2220 1046 γένοιτο

591 1072 781 1138 ὅςςον
827 1073 994 1151 ἐμοί·
1039 1072 1202 1151 τάχα
1244 1073 1353 1137 κέν
1399 1072 1429 1135 ἑ
1472 1072 1660 1139 κύνες
1704 1074 1808 1137 καὶ
1848 1077 2048 1147 γῦπες
2092 1070 2303 1137 ἔδοιεν

592 1173 916 1254 κείμενον·
963 1173 1003 1252 ἦ
1048 1175 1117 1238 κέ
1160 1194 1265 1251 μοι
1311 1173 1496 1253 αἰνὸν
1541 1175 1674 1240 ἀπὸ
1719 1174 2061 1253 πραπίδων
2104 1172 2265 1252 ἄχος
2310 1174 2519 1239 ἔλθοι·

594 1275 668 1342 ὅς
713 1276 773 1355 μ’
817 1275 973 1340 υἱῶν
1020 1276 1288 1340 πολλῶν
1332 1296 1400 1340 τε
1445 1277 1546 1340 καὶ
1590 1276 1834 1341 ἐςθλῶν
1881 1274 2057 1341 εὖνιν
2102 1275 2320 1359 ἔθηκε,

462 1382 543 1440 45
595 1377 861 1443 κτείνων
904 1377 1009 1441 καὶ
1054 1377 1295 1456 περνὰς
1339 1378 1550 1456 νήςων
1596 1377 1701 1444 ἔπι
1745 1378 2189 1457 τηλεδαπάων.

597 1480 698 1543 καὶ
743 1480 866 1556 γὰρ
912 1483 1031 1544 νῦν
1076 1478 1196 1543 δύο
1241 1483 1461 1561 παῖδε,
1507 1480 1806 1546 Λυκάονα
1852 1481 1953 1545 καὶ
1996 1480 2440 1558 Πολύδωρον,

591 1579 669 1646 οὐ
718 1581 989 1661 δύναμαι
1035 1579 1227 1646 ἰδέειν
1273 1581 1520 1660 Τρώων
1566 1581 1656 1646 εἰς
1699 1581 1851 1647 ἄςτυ
1897 1581 2218 1663 ἀλέντων,

594 1682 748 1747 τούς
794 1702 898 1761 μοι
943 1681 1199 1761 Λαοθόη
1243 1683 1493 1767 τέκετο,
1537 1682 1833 1762 κρείουςα
1875 1685 2215 1760 γυναικῶν.

589 1784 733 1850 ἀλλ’
777 1783 830 1848 εἰ
873 1785 989 1864 μὲν
1035 1783 1268 1850 ζώουςι
1313 1788 1469 1865 μετὰ
1513 1790 1793 1869 ςτρατῷ,
1839 1784 1878 1864 ἦ
1921 1785 1975 1848 τ’
2019 1784 2099 1850 ἂν
2145 1783 2364 1849 ἔπειτα

470 1893 553 1951 50
599 1890 842 1965 χαλκοῦ
886 1905 954 1951 τε
999 1889 1237 1965 χρυςοῦ
1282 1887 1336 1951 τ’
1379 1887 1835 1969 ἀπολυςόμεθ’·
1884 1887 2012 1953 ἔςτι
2054 1887 2179 1965 γὰρ
2224 1883 2448 1950 ἔνδον*

589 1989 806 2054 πολλὰ
848 1989 972 2066 γὰρ
1018 1987 1235 2052 ὤπαςε
1280 1989 1457 2054 παιδὶ
1499 1989 1714 2068 γέρων
1760 1989 2201 2067 ὀνομάκλυτος
2245 1987 2492 2065 Ἄλτης.

592 2090 647 2155 εἰ
689 2090 745 2154 δ’
789 2090 907 2168 ἤδη
953 2093 1203 2156 τεθνᾶςι
1247 2091 1347 2154 καὶ
1392 2089 1486 2155 εἰν
1532 2091 1748 2156 Ἀίδαο
1795 2091 2112 2168 δόμοιςιν,

591 2191 791 2266 ἄλγος
837 2191 968 2274 ἐμῷ
1012 2196 1190 2275 θυμῷ
1235 2193 1338 2256 καὶ
1382 2193 1629 2273 μητέρι,
1675 2192 1777 2256 τοὶ
1819 2193 2188 2270 τεκόμεςθα·

599 2296 844 2358 λαοῖςιν
889 2293 946 2355 δ’
990 2292 1236 2359 ἄλλοιςι
1280 2294 1861 2373 μινυνθαδιώτερον
1907 2292 2107 2370 ἄλγος

469 2400 548 2459 55
595 2395 869 2477 ἔςςεται,
915 2395 994 2472 ἢν
1040 2396 1121 2473 μὴ
1167 2395 1269 2459 καὶ
1313 2396 1385 2461 ςὺ
1431 2395 1629 2480 θάνῃς
1675 2395 1914 2475 Ἀχιλῆι
1958 2397 2307 2475 δαμαςθείς.

595 2495 736 2562 ἀλλ’
783 2494 1062 2575 εἰςέρχεο
1108 2499 1321 2576 τεῖχος
1368 2496 1522 2575 ἐμὸν
1566 2497 1780 2576 τέκος,
1828 2496 2008 2579 ὄφρα
2052 2498 2294 2580 ςαώςῃς

593 2599 820 2678 Τρῶας
865 2600 967 2662 καὶ
1009 2598 1267 2683 Τρῳάς,
1315 2601 1396 2679 μὴ
1443 2601 1513 2664 δὲ
1559 2600 1720 2679 μέγα
1763 2604 1955 2665 κῦδος
2000 2597 2224 2683 ὀρέξῃς

452 2715 626 2808 -ῌὛ,
664 2768 716 2804 1.
784 2756 847 2805 38
893 2750 1077 2817 ἕκτωρ
1123 2748 1271 2819 Ῑιίρει.
1321 2752 1378 2817 μί
1426 2768 1516 2817 μοι
1554 2750 1620 2804 D.
1668 2781 1732 2790 —-·
1779 2758 1843 2806 39
1883 2751 2016 2805 ἄνευ
2052 2750 2113 2804 L.
2160 2780 2224 2789 —
2269 2756 2335 2804 40
2382 2751 2503 2805 ἐπεὶ
2549 2754 2586 2818 ἢ
2636 2751 2715 2804 A:

424 2818 599 2873 ceteri
636 2820 812 2886 ἐπειὴ.
862 2818 1282 2885 πολυφέρτερός
1329 2818 1394 2875 D.
1444 2821 1556 2873 ἐςτι
1595 2817 1837 2872 ACDEH
1877 2818 1995 2888 Syr.
2042 2821 2315 2885 φέρτερος
2362 2819 2512 2872 ἐςτίν
2548 2816 2607 2875 L.
2649 2849 2715 2858 --

422 2895 483 2941 41
525 2892 674 2942 θεοῖς
712 2885 758 2940 G
795 2885 939 2945 Flor.
976 2917 1041 2925 —
1078 2892 1142 2939 42
1179 2888 1400 2941 ἔδονται
1440 2885 1776 2942 ADEGHLS
1812 2885 1934 2956 Syr.
1971 2886 2118 2955 Lips.
2147 2885 2285 2944 Ven.
2311 2885 2374 2943 B.
2411 2891 2468 2940 et
2503 2885 2716 2955 Heynii

423 3023 569 3077 libri.
609 2988 831 3077 Eb⁸t¹>³vw1
870 3021 925 3081 Ο,
965 3023 1204 3076 ἔδωνται
1242 3020 1420 3076 PariS.
1458 3021 1521 3075 B.
1559 3052 1625 3062 --
1671 3028 1738 3077 43
1773 3023 1809 3088 ῆ
1849 3039 1945 3075 κεν
1984 3020 2041 3076 C.
2086 3022 2222 3090 ἔλθῃ
2265 3020 2419 3076 Harl.
2458 3021 2613 3078 Vrat.
2655 3021 2715 3076 d.

423 3091 591 3146 Mose.
630 3098 676 3148 2.
714 3119 781 3130 —-
826 3096 891 3143 44
936 3092 1103 3156 ἔθηκε
1152 3088 1345 3143 AOEG-
1382 3088 1503 3158 Syr.
1549 3121 1614 3130 —
1659 3097 1724 3144 45
1767 3091 1857 3145 ἐπὶ
1896 3087 2183 3144 CDEGHL
2219 3088 2307 3146 Et.
2353 3089 2466 3159 Mg.
2501 3095 2582 3151 36,
2623 3095 2710 3143 42.

423 3160 513 3213 Et.
559 3158 702 3217 oud.
736 3165 840 3228 58,
877 3163 958 3215 51.
1002 3158 1193 3212 Zonar.
1240 3157 1376 3212 Lex.
1425 3163 1507 3216 92.
1553 3157 1732 3213 Cram.
1787 3160 1888 3211 An.
1934 3158 2056 3213 Par.
2103 3156 2200 3223 IV,
2254 3164 2365 3220 102,
2412 3163 2492 3214 35.
2530 3160 2624 3212 ἐπι
2660 3157 2715 3210 Α

425 3229 604 3281 Cram.
654 3227 756 3293 Ep.
805 3233 888 3284 72.
936 3231 1018 3279 32.
1072 3227 1162 3279 ἐπ’
1207 3227 1590 3280 ἀλλοδαπάων
1634 3226 1787 3283 Euat.
1844 3232 1990 3289 1222,
2040 3231 2121 3278 27.
2171 3256 2228 3263 -
2279 3231 2344 3278 47
2392 3229 2598 3293 τρὼιυν
2644 3225 2712 3278 L.

423 3296 681 3349 ἀλέντων
733 3294 797 3348 G.
846 3323 914 3335 ——-
957 3299 1023 3347 48
1068 3295 1167 3348 οὕς
1215 3311 1306 3359 μοι
1354 3293 1401 3347 D
1450 3294 1606 3348 Vrat.
1655 3295 1743 3348 A.:
1800 3294 1973 3347 ceteri
2017 3295 2171 3348 τούς.
2229 3295 2435 3360 λαοθέη
2481 3281 2711 3347 Baroce.

424 3363 668 3429 λαοδόκη
705 3361 879 3415 Paris.
921 3360 985 3419 G.
1024 3392 1085 3400 —
1124 3367 1190 3414 49
1227 3369 1447 3429 ςτρατῷ
1488 3367 1521 3428 ἢ
1561 3364 1805 3428 ςτρατὸν
1841 3361 1903 3416 Ε.
1940 3363 1974 3427 ἢ
2011 3363 2119 3416 τᾶν
2154 3362 2219 3420 Α.
2259 3392 2321 3400 -
2368 3368 2433 3415 50
2466 3378 2530 3416 τε
2567 3361 2713 3415 ἀπο-

424 3431 700 3495 λυςόμεθα
737 3427 800 3482 G.
838 3431 898 3483 ἐν
935 3431 1091 3496 ἄλλῳ
1130 3430 1486 3496 ἀπολύςομεν
1524 3432 1591 3484 A.
1635 3431 1780 3485 ΓΑΡ’
1814 3428 1932 3498 Syr.
1970 3459 2035 3468 —
2073 3434 2134 3483 51
2171 3430 2557 3494 ὀνομάκλυτος
2595 3428 2710 3484 AC.

421 3534 600 3598 ὄνομα
647 3532 851 3585 κλυτὸς
897 3529 956 3583 L.
1014 3561 1075 3568 —
1132 3536 1196 3583 62
1244 3533 1369 3584 καὶν
1407 3533 1568 3586 ἀΐδαο
1621 3530 1687 3584 Η.
1739 3562 1805 3571 -—
1859 3537 1923 3584 54
1961 3535 2140 3586 λαοῑςϊ
2175 3530 2224 3583 Η
2261 3497 2407 3585 Εἶόἷ.
2442 3532 2601 3586 Rom.
2645 3563 2711 3570 --

421 3606 486 3654 55
531 3601 679 3678 ἐςται
725 3598 786 3651 Ε.
841 3628 906 3638 -
959 3605 1021 3653 67
1060 3602 1248 3721 τρξμας
1293 3599 1351 3653 L.
1410 3602 1619 3666 τρωιὰς
1677 3598 1826 3677 ΑῼΙι.
1883 3602 2092 3665 τρωϊὰς
2137 3598 2207 3656 Η.
2260 3599 2447 3668 τρψὰς
2494 3598 2706 3678 Tovqnl.

421 3669 836 3789 ῗῗέξτιΒτρωας.
884 3667 1076 3734 τροιάς
1175 3669 1278 3720 rat.
1327 3667 1379 3720 d.
1428 3668 1656 3723 ΤΡΩΑΕ
1692 3667 1779 3721 bls
1816 3667 1931 3737 Syr.
1983 3671 2056 3736 μὴ
2105 3668 2167 3722 δὲ
2214 3665 2510 3722 ACDGHL
2553 3667 2705 3736 L1p8.

556 3891 622 3943 A.
661 3909 705 3945 ο.
779 3895 844 3943 42
881 3890 1130 3944 ἔδονταιε
1170 3888 1495 3956 ἀρίςταρχος
1534 3889 1716 3944 ἔδοιεν
1751 3887 2098 3957 Didymus,
2136 3891 2279 3956 τάχα
2317 3905 2415 3943 κεν
2449 3887 2711 3943 omnibus

420 3959 537 4013 fere
582 3957 718 4012 locis
763 3974 889 4011 cum
936 3958 1190 4026 optativo
1234 3956 1511 4028 iungitur,
1566 3957 1714 4015 conf.
1760 3959 1801 4011 Α
1855 3963 1974 4012 205.
2020 3960 2059 4013 Β
2097 3964 2211 4014 373.
2258 3959 2309 4012 Δ
2345 3963 2460 4011 290.
2511 3959 2553 4012 Η
2596 3962 2713 4011 158.

420 4028 463 4080 Λ
500 4031 617 4081 654.
654 4027 710 4079 Π
748 4032 828 4080 71.
867 4031 993 4078 723.ae
1026 4029 1056 4090 β
1092 4032 1171 4081 76.
1226 4042 1263 4089 μ
1300 4032 1416 4084 387.
1464 4043 1495 4079 ο
1533 4032 1649 4080 536.
1698 4043 1731 4092 ρ
1772 4032 1885 4079 164.
1931 4042 1966 4078 τ
2002 4033 2118 4083 310.
2165 4043 2209 4091 φ
2244 4031 2368 4082 374.·
2404 4043 2438 4090 χ
2474 4029 2555 4078 78.
2597 4029 2711 4079 134.

422 4094 777 4163 excipiuntur
823 4095 864 4145 Ν
905 4098 1019 4147 676.
1068 4094 1125 4148 Π
1161 4100 1278 4151 617.
1323 4097 1371 4150 Ψ
1409 4099 1524 4149 606.
1572 4112 1615 4160 ψ
1654 4100 1735 4159 23,
1783 4093 1882 4146 ubi
1915 4092 2222 4147 indicativo
2258 4091 2450 4146 aon-isti
2490 4093 2574 4145 eat
2609 4091 2709 4145 ad-

420 4163 682 4230 positum.
727 4189 796 4200 ——-
837 4167 904 4214 45
947 4164 1350 4227 τηλεδαπάωνε
1396 4164 1544 4216 τινες
1592 4162 1959 4229 θηλυτεράων
1995 4160 2177 4215 Schol.
2222 4161 2290 4222 V,
2346 4159 2490 4217 cons.
2535 4159 2610 4212 ad
2657 4165 2711 4212 Φ

419 4236 535 4284 454.
577 4267 637 4274 -
676 4236 742 4283 48
779 4231 966 4284 οὕτως
1001 4229 1329 4297 ἀρίςταρχος
1365 4233 1454 4284 διὰ
1488 4235 1593 4283 τοῦ
1630 4229 1690 4293 ⁴1³,
1728 4231 1887 4283 ἄλλοι
1923 4230 1984 4282 δὲ
2010 4232 2109 4285 οὕς
2146 4246 2235 4296 μοι
2271 4225 2619 4296 Didymus.
2643 4258 2710 4267 —-

420 4305 496 4418 δὲ
518 4299 732 4420 γλέρωνε
767 4297 827 4420 gl
855 4297 976 4418 ρτἕτὸ
1008 4302 1130 4350 τῶν
1164 4301 1396 4353 πολέων
1434 4300 1588 4352 παιδὶ
1614 4299 1765 4366 φίλῳ
1802 4296 1931 4349 Did
1942 4314 2154 4365 ymuS.
2194 4295 2546 4349 Aristarchus
2581 4296 2711 4350 ὀνο·

422 4383 458 4435 μ
498 4382 530 4420 κ
568 4382 730 4434 υτος,
804 4382 848 4432 φ
932 4382 979 4418 ν.
