3144 5006
1314 417 1646 473 ΙΛΙΑΔΟ(
1694 415 1788 474 ΙΧ.
2354 356 2361 363 0
2554 415 2678 480 267

565 573 742 638 παιδὶ
786 571 984 652 δόμεν
1028 572 1339 637 θάνατον·
1385 575 1496 650 τῆς
1542 572 1600 637 δ’
1644 573 2017 653 ἠεροφοῖτις
2062 572 2273 651 ἐρινὺς

566 675 792 740 ἔκλυεν
838 675 903 741 ἐξ
948 673 1278 755 ἐρέβεςφιν
1324 672 1652 753 ἀμείλιχον
1698 673 1857 755 ἦτορ
1900 674 2167 754 ἔχουςα·

566 780 698 842 τῶν
746 779 816 841 δὲ
859 776 999 856 τάχ’
1042 774 1206 857 ἀμφὶ
1247 776 1454 841 πύλας
1498 776 1742 855 ὅμαδος
1786 778 1888 841 καὶ
1932 780 2180 843 δοῦπος
2224 775 2458 857 ὀρώρει

568 878 836 958 πύργων
884 879 1333 958 βαλλομένων·
1380 878 1495 942 τὸν
1540 879 1612 942 δὲ
1658 878 1946 944 λίςςοντο
1990 879 2293 958 γέροντες

398 984 520 1043 575
564 980 891 1063 Αἰτωλῶν,
933 981 1191 1060 πέμπον
1236 980 1308 1044 δὲ
1351 984 1521 1046 θεῶν
1562 978 1780 1058 ἱερῆας
1824 979 2138 1063 ἀρίςτους,

565 1082 845 1150 ἐξελθεῖν
870 1084 992 1148 ’καὶ
1034 1081 1300 1165 ἀμῦναι,
1344 1080 1774 1161 ύποςχόμενοι
1819 1083 1979 1160 μέγα
2031 1087 2276 1161 δῶρον·

565 1185 806 1250 ὁππόθι
853 1184 1160 1249 πιότατον
1206 1184 1431 1250 πεδίον
1481 1185 1872 1250 Καλυδῶνος
1917 1184 2214 1269 ἐραννῆς,

567 1287 726 1353 ἔνθά
768 1308 873 1367 μιν
919 1286 1181 1366 ἤνωγον
1225 1287 1488 1366 τέμενος
1534 1288 1909 1365 περικαλλὲς
1951 1287 2196 1352 ἑλέςθαι

567 1388 1150 1473 πεντηκοντόγυον,
1195 1389 1271 1454 τό
1317 1389 1433 1468 μὲν
1479 1388 1663 1468 ἥμιςυ
1710 1388 2106 1473 οἰνοπέδοιο,

357 1517 364 1524 ·
399 1496 525 1556 580
565 1491 748 1571 ἥμιςυ
793 1491 864 1556 δὲ
911 1492 1109 1570 ψιλὴν
1151 1488 1375 1568 ἄροςιν
1418 1489 1671 1556 πεδίοιο
1714 1491 2031 1569 ταμέςθαι.

568 1593 783 1657 πολλὰ
827 1593 898 1657 δέ
941 1613 1046 1670 μιν
1092 1592 1381 1657 λιτάνευε
1426 1593 1639 1673 γέρων
1681 1592 2006 1672 ἱππηλάτα
2052 1593 2278 1659 Οἰνεὺς

567 1694 770 1761 οὐδοῦ
815 1694 1222 1776 ἐπεμβεβαὼς
1266 1693 1643 1776 ὑψηρεφέος
1687 1694 2021 1778 θαλάμοιο,

568 1796 753 1863 ςείων
797 1796 1109 1876 κολλητὰς
1154 1796 1441 1880 ςανίδας,
1485 1795 1930 1878 γουνούμενος
1976 1796 2146 1862 υἱόν·

567 1900 782 1965 πολλὰ
826 1900 897 1963 δὲ
941 1897 1058 1964 τόν
1103 1918 1175 1974 γε
1220 1897 1581 1977 καςίγνηται
1626 1900 1730 1963 καὶ
1774 1898 2005 1965 πότνια
2049 1899 2248 1977 μήτηρ

399 2006 523 2064 585
567 2000 942 2066 ἐλλίςςονθ’·
987 2001 1025 2065 ὃ
1072 2002 1144 2065 δὲ
1188 2000 1435 2079 μᾶλλον
1481 1999 1813 2065 ἀναίνετο·
1862 2000 2079 2065 πολλὰ
2122 2000 2178 2063 δ’
2222 1999 2485 2080 ἑταῖροι,
2574 2086 2581 2093 .

568 2102 634 2168 οἵ
676 2101 737 2167 οἱ
780 2102 1152 2167 κεδνότατοι
1197 2102 1298 2166 καὶ
1341 2100 1638 2181 φίλτατοι
1681 2101 1841 2182 ἦςαν
1886 2101 2224 2168 ἁπάντων·

567 2203 710 2269 ἀλλ’
755 2203 897 2270 οὐδ’
941 2201 1032 2267 ὧς
1076 2207 1195 2269 τοῦ
1239 2204 1441 2283 θυμὸν
1487 2204 1585 2270 ἐνὶ
1629 2205 1944 2283 ςτήθεςςιν
1989 2203 2274 2286 ἔπειθον,

568 2306 715 2386 πρίν
759 2305 819 2381 γ’
861 2305 971 2370 ὅτε
1016 2307 1093 2385 δὴ
1138 2305 1421 2387 θάλαμος
1464 2306 1613 2371 πύκ’
1642 2305 1981 2389 ἐβάλλετο,
2023 2307 2127 2371 τοὶ
2171 2306 2226 2370 δ’
2271 2304 2376 2370 ἐπὶ
2416 2304 2685 2384 πύργων

570 2411 796 2488 βαῖνον
846 2408 1161 2488 Κουρῆτες
1206 2408 1310 2472 καὶ
1351 2407 1711 2486 ἐνέπρηθον
1756 2409 1917 2488 μέγα
1959 2407 2129 2473 ἄςτυ.

401 2515 525 2574 590
568 2511 672 2575 καὶ
713 2510 859 2576 τότε
902 2512 979 2591 δὴ
1027 2511 1412 2591 Μελέαγρον
1458 2510 1742 2576 ἐύζωνος
1787 2511 2159 2590 παράκοιτις

569 2610 788 2677 λίςςετ’
833 2610 1227 2695 ὀδυρομένη,
1272 2613 1373 2677 καί
1417 2599 1481 2678 οἱ
1525 2614 1857 2680 κατέλεξεν
1902 2612 2157 2678 ἅπαντα

534 2906 602 2962 V.
641 2928 692 2962 L.
750 2913 845 2962 571
885 2909 1228 2977 ήεροφοίτης
1254 2907 1319 2963 G.
1359 2914 1672 2977 ἰἐροφοῖτῑς
1707 2908 1780 2962 Η.
1826 2909 2006 2977 ἐρινὺς
2042 2907 2091 2961 D
2160 2910 2268 2962 ,ost
2302 2924 2407 2965 ras.
2445 2907 2514 2966 H.
2550 2909 2687 2975 ἐριν-

351 3007 358 3022 ·
398 2978 501 3032 νὺς
537 2975 698 3032 CEG.
737 2977 923 3043 ἐρῐνῠς
948 2980 1012 3029 A.
1051 2977 1271 3043 ἐριννθς
1295 2976 1355 3030 L.
1391 3008 1457 3017 —
1493 2982 1592 3032 572
1629 2978 1954 3045 ἐρέβευςφιν
1978 2975 2122 3030 ACD
2176 2974 2362 3029 GHLS
2398 2976 2459 3029 et
2480 2975 2687 3043 Heynii

398 3059 609 3098 omnen.
644 3045 966 3108 ἀμείλικτον
992 3043 1099 3098 CD.
1125 3073 1190 3083 —
1216 3051 1315 3100 573
1342 3047 1524 3100 τῶνδε
1550 3045 1615 3098 G.
1652 3046 1726 3108 ἀμ
1776 3063 1794 3099 ι
1816 3045 1882 3099 A.
1919 3045 2127 3112 ὅμαδος
2154 3045 2218 3097 G.
2261 3075 2320 3083 -
2357 3049 2458 3098 574
2494 3045 2555 3098 δέ
2581 3043 2686 3099 λίς-

397 3128 565 3167 ςοντο
586 3110 718 3166 ACS
737 3111 894 3166 Cant.
919 3111 1069 3165 Harl.
1082 3110 1228 3181 Lips.
1255 3114 1307 3167 δ’
1324 3112 1608 3168 ἐλίςςοντο
1618 3111 1715 3166 DE
1773 3155 1786 3165 .
1805 3115 1855 3168 δ’
1878 3114 2130 3168 ἐλίςοντο
2151 3110 2259 3165 GL.
2280 3143 2344 3151 —
2365 3117 2464 3167 576
2483 3112 2687 3177 ἀμύναι

400 3178 458 3233 C.
483 3181 844 3245 ύπιςχόμενοι
866 3179 954 3237 Et.
981 3178 1038 3231 M
1080 3222 1096 3237 .
1119 3187 1236 3246 783,
1263 3186 1345 3246 51,
1371 3181 1515 3235 conf.
1541 3199 1574 3235 ο
1598 3187 1715 3236 463.
1739 3212 1803 3221 -—
1828 3188 1927 3236 577
1954 3181 2295 3249 ἐραξιΙΙᾙΙνῆς
2313 3179 2371 3236 C.
2397 3182 2600 3248 ἐρανῆς
2618 3179 2684 3233 D.

400 3278 462 3287 —
489 3252 588 3301 578
611 3248 746 3302 ἔνθά
780 3265 872 3312 μιν
898 3196 1104 3303 ΑΟΠί.
1140 3249 1400 3314 ἀνώγεον
1425 3247 1488 3303 G.
1528 3248 1915 3318 περικαλὲςῙ).
1952 3278 2017 3288 -
2053 3255 2153 3304 579
2185 3250 2689 3318 πεντηκοντόγυον

401 3351 464 3406 A.
505 3351 1021 3417 πεντηκοντόγυιον
1055 3349 1121 3404 D.
1158 3349 1480 3405 οἰνοπέδιον
1514 3350 1701 3419 Apoll.
1726 3349 1856 3404 Lex.
1895 3357 2006 3418 153,
2044 3357 2125 3406 28.
2161 3381 2226 3390 —
2262 3356 2361 3404 582
2398 3316 2687 3416 ἐπ’ᾛβε-

401 3419 552 3482 βαὼς
605 3418 669 3472 Α.
713 3419 1075 3484 ἐπεμβεβαὼς
1122 3422 1155 3484 ἢ
1203 3419 1566 3486 ὑπερβεβαὼς
1612 3418 1677 3475 Ε.
1719 3420 2045 3486 ὑψηρεφέος
2081 3422 2145 3473 A.
2181 3420 2487 3486 ύψιρεφέος
2524 3418 2582 3474 C.
2622 3449 2685 3457 —

400 3524 500 3573 584
533 3520 704 3584 τόνγε
742 3517 987 3572 ΑοοΕΗ
1022 3519 1174 3576 Harl.
1213 3519 1362 3590 Lips.
1408 3518 1574 3574 Mose.
1613 3527 1659 3574 3.
1704 3487 2046 3575 τόνῖῌιε
2083 3519 2266 3575 Schol.
2303 3521 2341 3574 κ
2387 3526 2496 3574 167.
2545 3537 2687 3576 καει-

399 3587 583 3653 γνήτη
608 3585 790 3640 Sehol.
819 3588 857 3641 Κ
885 3592 997 3641 167.
1032 3618 1098 3628 —-
1135 3593 1235 3642 585
1260 3587 1534 3642 ἐλλίςονθ’
1557 3587 1622 3642 D.
1650 3588 1918 3643 ἐλίςςονθ’
1942 3586 2123 3642 CHLS
2148 3586 2295 3657 Lips.
2324 3588 2477 3642 Harl.
2504 3588 2686 3642 Schol.

404 3656 442 3709 Κ
484 3660 597 3709 167.
645 3655 927 3710 ἐλίςςοντο
963 3654 1024 3709 Ε.
1074 3656 1107 3709 δ
1142 3657 1204 3711 δὲ
1241 3655 1300 3712 C.
1346 3687 1412 3695 —
1457 3660 1557 3710 586
1592 3657 1674 3723 οἵ,
1711 3656 1765 3711 οἱ
1807 3656 1917 3716 Ac.
1966 3657 2022 3711 οἵ
2063 3656 2117 3710 οί
2152 3657 2396 3722 κήδιςτοι
2432 3655 2506 3723 L,
2543 3657 2688 3710 conf.

398 3740 431 3775 κ
469 3728 585 3776 225.
630 3753 693 3761 -
740 3727 838 3777 587
876 3723 955 3778 ὡς
1000 3724 1078 3777 A:
1124 3724 1299 3777 ceteri
1336 3725 1430 3780 ὣς.
1482 3725 1565 3779 ἐνι
1600 3723 1669 3778 D.
1717 3754 1783 3762 —
1820 3730 1920 3778 588
1966 3725 2102 3779 πύκ’
2136 3725 2405 3790 ἐβάλλετο
2451 3723 2687 3778 ACDEL

397 3805 552 3862 Harl.
588 3806 799 3861 Townl.
837 3805 993 3863 Vrat.
1031 3808 1085 3861 b.
1122 3809 1199 3861 A:
1237 3807 1408 3877 vulgo
1445 3810 1596 3864 πύκα
1633 3810 1888 3874 βάλλετο.
1922 3809 1975 3861 H
2012 3794 2126 3877 πῦρ
2162 3810 2448 3875 ἐβάλλετο.
2484 3810 2685 3877 πύργῳ

400 3879 437 3941 ἢ
475 3876 571 3930 ἐπὶ
607 3876 847 3943 πύργων
880 3874 1035 3930 Euat.
1071 3882 1188 3942 770,
1225 3880 1315 3942 36;
1352 3882 1469 3944 777,
1506 3883 1553 3933 2.
1594 3906 1659 3916 —-·
1694 3883 1795 3972 599
1830 3879 2077 3934 εὔζωνος
2112 3876 2180 3931 Η.

538 4129 602 4185 A.
640 4146 689 4185 ο.
748 4135 846 4184 574
881 4131 1066 4185 οὕτως
1093 4130 1446 4199 Ἀρίςταρχος
1481 4133 1544 4185 δὲ
1578 4095 1835 4188 λίςςοντο
1863 4129 2018 4197 (Cod.
2043 4133 2095 4186 δ’
2117 4131 2421 4198 ἐλίςςοντο)
2460 4132 2532 4185 δι’
2557 4133 2685 4186 ἑνὸς

401 4201 448 4268 ’λ
470 4211 603 4266 Did
660 4230 820 4268 mus.
854 4243 923 4253 —
958 4220 1058 4270 580
1091 4218 1292 4283 ψιλὴντ
1316 4217 1405 4271 διὰ
1428 4220 1533 4270 τοῦ
1559 4223 1625 4281 “ς“,
1664 4220 1833 4283 ψιλῆς
1933 4233 1978 4271 ς.
2015 4217 2202 4271 οὕτως
2226 4217 2285 4271 αἱ
2312 4215 2686 4283 Ἀριςτάρχου.

398 4283 577 4348 δῆλον
644 4283 671 4335 ἑ
705 4282 795 4335 δτι
827 4282 1073 4338 ἐλλείπει
1107 4285 1144 4351 ἡ
1170 4284 1275 4349 εἰς,
1312 4284 1390 4339 ἵν’
1415 4287 1448 4351 ῇ
1485 4283 1564 4339 εἰς
1598 4285 1788 4351 ἄροςιν
1812 4283 1892 4337 Di
1952 4301 2157 4353 ymas.
2193 4315 2260 4327 --
2295 4290 2395 4339 584
2432 4283 2685 4352 καςίγνη-

397 4366 494 4405 ται
529 4348 906 4404 Aristarchus:
943 4350 1039 4406 alii
1076 4351 1411 4421 καςίγνητοι.
2347 4383 2357 4393 ·
