<?xml version="1.0" encoding="UTF-8"?>
<!DOCTYPE html PUBLIC "-//W3C//DTD XHTML 1.0 Transitional//EN"
    "http://www.w3.org/TR/xhtml1/DTD/xhtml1-transitional.dtd">
<html xmlns="http://www.w3.org/1999/xhtml" xml:lang="en" lang="en">
 <head>
  <title>
</title>
<meta http-equiv="Content-Type" content="text/html;charset=utf-8" />
  <meta name='ocr-system' content='tesseract 3.04.00' />
  <meta name='ocr-capabilities' content='ocr_page ocr_carea ocr_par ocr_line ocrx_word'/>
</head>
<body>
  <div class='ocr_page' id='page_1' title='image "./iliasadfidemlib00homegoog_0554.png"; bbox 0 0 3144 5006; ppageno 0'>
   <div class='ocr_carea' id='block_1_1' title="bbox 429 408 1802 472">
    <p class='ocr_par' dir='ltr' id='par_1_1' title="bbox 429 408 1802 472">
     <span class='ocr_line' id='line_1_1' title="bbox 429 408 1802 472; baseline -0.004 0"><span class='ocrx_word' id='word_1_1' title='bbox 429 408 554 472; x_wconf 81' lang='grc'>174</span> <span class='ocrx_word' id='word_1_2' title='bbox 1355 409 1685 464; x_wconf 74' lang='grc' dir='ltr'>ΙΛΙΑΔΟΕ</span> <span class='ocrx_word' id='word_1_3' title='bbox 1747 410 1802 467; x_wconf 88' lang='grc' dir='ltr'>Ρ.</span> 
     </span>
    </p>
   </div>
   <div class='ocr_carea' id='block_1_2' title="bbox 426 560 2457 2785">
    <p class='ocr_par' dir='ltr' id='par_1_2' title="bbox 426 560 2255 744">
     <span class='ocr_line' id='line_1_2' title="bbox 426 560 2127 643; baseline -0.001 -17"><span class='ocrx_word' id='word_1_4' title='bbox 426 566 549 626; x_wconf 86' lang='grc'>730</span> <span class='ocrx_word' id='word_1_5' title='bbox 594 562 683 625; x_wconf 85' lang='grc' dir='ltr'>ὣς</span> <span class='ocrx_word' id='word_1_6' title='bbox 728 562 949 640; x_wconf 89' lang='grc' dir='ltr'>Τρῶες</span> <span class='ocrx_word' id='word_1_7' title='bbox 993 560 1141 628; x_wconf 83' lang='grc' dir='ltr'>εἵως</span> <span class='ocrx_word' id='word_1_8' title='bbox 1187 565 1302 641; x_wconf 81' lang='grc' dir='ltr'>μὲν</span> <span class='ocrx_word' id='word_1_9' title='bbox 1347 562 1657 643; x_wconf 84' lang='grc' dir='ltr'>ὁμιλαδὸν</span> <span class='ocrx_word' id='word_1_10' title='bbox 1703 561 1840 627; x_wconf 80' lang='grc' dir='ltr'>αἰὲν</span> <span class='ocrx_word' id='word_1_11' title='bbox 1885 561 2127 626; x_wconf 78' lang='grc' dir='ltr'>ἕποντο</span> 
     </span>
     <span class='ocr_line' id='line_1_3' title="bbox 592 662 2255 744; baseline -0.001 -15"><span class='ocrx_word' id='word_1_12' title='bbox 592 664 935 729; x_wconf 84' lang='grc' dir='ltr'>νύςςοντες</span> <span class='ocrx_word' id='word_1_13' title='bbox 978 663 1221 744; x_wconf 86' lang='grc' dir='ltr'>ξίφεςίν</span> <span class='ocrx_word' id='word_1_14' title='bbox 1264 684 1333 728; x_wconf 91' lang='grc' dir='ltr'>τε</span> <span class='ocrx_word' id='word_1_15' title='bbox 1379 666 1481 729; x_wconf 88' lang='grc' dir='ltr'>καὶ</span> <span class='ocrx_word' id='word_1_16' title='bbox 1523 664 1771 742; x_wconf 85' lang='grc' dir='ltr'>ἔγχεςιν</span> <span class='ocrx_word' id='word_1_17' title='bbox 1817 662 2255 744; x_wconf 63' lang='grc' dir='ltr'>ἀμφιγύοιςιν·</span> 
     </span>
    </p>

    <p class='ocr_par' dir='ltr' id='par_1_3' title="bbox 530 764 2440 1049">
     <span class='ocr_line' id='line_1_4' title="bbox 530 764 2440 846; baseline -0.001 -15"><span class='ocrx_word' id='word_1_18' title='bbox 530 793 549 810; x_wconf 87' lang='grc'><em>·</em></span> <span class='ocrx_word' id='word_1_19' title='bbox 595 765 734 831; x_wconf 79' lang='grc' dir='ltr'>ἀλλ’</span> <span class='ocrx_word' id='word_1_20' title='bbox 780 764 890 829; x_wconf 90' lang='grc' dir='ltr'>ὅτε</span> <span class='ocrx_word' id='word_1_21' title='bbox 937 766 1014 844; x_wconf 81' lang='grc' dir='ltr'>δή</span> <span class='ocrx_word' id='word_1_22' title='bbox 1061 765 1118 845; x_wconf 79' lang='grc' dir='ltr'>ῥ’</span> <span class='ocrx_word' id='word_1_23' title='bbox 1161 764 1393 830; x_wconf 83' lang='grc' dir='ltr'>Αἴαντε</span> <span class='ocrx_word' id='word_1_24' title='bbox 1436 766 1978 846; x_wconf 88' lang='grc' dir='ltr'>μεταςτρεφθέντε</span> <span class='ocrx_word' id='word_1_25' title='bbox 2018 766 2154 830; x_wconf 79' lang='grc' dir='ltr'>κατ’</span> <span class='ocrx_word' id='word_1_26' title='bbox 2200 765 2440 830; x_wconf 82' lang='grc' dir='ltr'>αὐτοὺς</span> 
     </span>
     <span class='ocr_line' id='line_1_5' title="bbox 592 867 2312 948; baseline -0.001 -16"><span class='ocrx_word' id='word_1_27' title='bbox 592 868 916 948; x_wconf 88' lang='grc' dir='ltr'>ςταίηςαν,</span> <span class='ocrx_word' id='word_1_28' title='bbox 962 875 1095 934; x_wconf 91' lang='grc' dir='ltr'>τῶν</span> <span class='ocrx_word' id='word_1_29' title='bbox 1141 869 1212 933; x_wconf 82' lang='grc' dir='ltr'>δὲ</span> <span class='ocrx_word' id='word_1_30' title='bbox 1256 869 1532 947; x_wconf 86' lang='grc' dir='ltr'>τράπετο</span> <span class='ocrx_word' id='word_1_31' title='bbox 1581 869 1779 947; x_wconf 84' lang='grc' dir='ltr'>χρώς,</span> <span class='ocrx_word' id='word_1_32' title='bbox 1828 867 1981 932; x_wconf 83' lang='grc' dir='ltr'>οὐδέ</span> <span class='ocrx_word' id='word_1_33' title='bbox 2024 889 2118 932; x_wconf 92' lang='grc' dir='ltr'>τις</span> <span class='ocrx_word' id='word_1_34' title='bbox 2164 868 2312 947; x_wconf 81' lang='grc' dir='ltr'>ἔτλη</span> 
     </span>
     <span class='ocr_line' id='line_1_6' title="bbox 600 968 1977 1049; baseline -0.004 -13"><span class='ocrx_word' id='word_1_35' title='bbox 600 971 855 1049; x_wconf 88' lang='grc' dir='ltr'>πρόςςω</span> <span class='ocrx_word' id='word_1_36' title='bbox 902 968 1075 1035; x_wconf 86' lang='grc' dir='ltr'>ἀίξας</span> <span class='ocrx_word' id='word_1_37' title='bbox 1119 970 1263 1048; x_wconf 86' lang='grc' dir='ltr'>περὶ</span> <span class='ocrx_word' id='word_1_38' title='bbox 1308 973 1541 1048; x_wconf 83' lang='grc' dir='ltr'>νεκροῦ</span> <span class='ocrx_word' id='word_1_39' title='bbox 1590 970 1977 1048; x_wconf 83' lang='grc' dir='ltr'>δηριάαςθαι.</span> 
     </span>
    </p>

    <p class='ocr_par' dir='ltr' id='par_1_4' title="bbox 430 1071 2457 1561">
     <span class='ocr_line' id='line_1_7' title="bbox 430 1071 2448 1153; baseline -0 -16"><span class='ocrx_word' id='word_1_40' title='bbox 430 1079 550 1137; x_wconf 88' lang='grc'>735</span> <span class='ocrx_word' id='word_1_41' title='bbox 767 1073 857 1136; x_wconf 85' lang='grc' dir='ltr'>ὣς</span> <span class='ocrx_word' id='word_1_42' title='bbox 903 1071 968 1137; x_wconf 83' lang='grc' dir='ltr'>οἵ</span> <span class='ocrx_word' id='word_1_43' title='bbox 1009 1072 1068 1147; x_wconf 81' lang='grc' dir='ltr'>γ’</span> <span class='ocrx_word' id='word_1_44' title='bbox 1113 1071 1482 1151; x_wconf 79' lang='grc' dir='ltr'>ἐμμεμαῶτε</span> <span class='ocrx_word' id='word_1_45' title='bbox 1529 1073 1720 1137; x_wconf 87' lang='grc' dir='ltr'>νέκυν</span> <span class='ocrx_word' id='word_1_46' title='bbox 1766 1073 1976 1153; x_wconf 88' lang='grc' dir='ltr'>φέρον</span> <span class='ocrx_word' id='word_1_47' title='bbox 2022 1073 2091 1137; x_wconf 87' lang='grc' dir='ltr'>ἐκ</span> <span class='ocrx_word' id='word_1_48' title='bbox 2133 1072 2448 1150; x_wconf 84' lang='grc' dir='ltr'>πολέμοιο</span> 
     </span>
     <span class='ocr_line' id='line_1_8' title="bbox 592 1173 2403 1254; baseline 0 -15"><span class='ocrx_word' id='word_1_49' title='bbox 592 1180 750 1253; x_wconf 86' lang='grc' dir='ltr'>νῆας</span> <span class='ocrx_word' id='word_1_50' title='bbox 796 1174 901 1238; x_wconf 81' lang='grc' dir='ltr'>ἔπι</span> <span class='ocrx_word' id='word_1_51' title='bbox 943 1174 1310 1253; x_wconf 85' lang='grc' dir='ltr'>γλαφυράς·</span> <span class='ocrx_word' id='word_1_52' title='bbox 1356 1173 1461 1237; x_wconf 86' lang='grc' dir='ltr'>ἐπὶ</span> <span class='ocrx_word' id='word_1_53' title='bbox 1505 1176 1578 1238; x_wconf 81' lang='grc' dir='ltr'>δὲ</span> <span class='ocrx_word' id='word_1_54' title='bbox 1623 1175 1940 1252; x_wconf 90' lang='grc' dir='ltr'>πτόλεμος</span> <span class='ocrx_word' id='word_1_55' title='bbox 1984 1174 2210 1239; x_wconf 85' lang='grc' dir='ltr'>τέτατό</span> <span class='ocrx_word' id='word_1_56' title='bbox 2257 1195 2403 1254; x_wconf 89' lang='grc' dir='ltr'>ςφιν</span> 
     </span>
     <span class='ocr_line' id='line_1_9' title="bbox 597 1275 2457 1357; baseline -0.001 -16"><span class='ocrx_word' id='word_1_57' title='bbox 597 1276 821 1357; x_wconf 85' lang='grc' dir='ltr'>ἄγριος</span> <span class='ocrx_word' id='word_1_58' title='bbox 863 1275 1015 1353; x_wconf 82' lang='grc' dir='ltr'>ἠύτε</span> <span class='ocrx_word' id='word_1_59' title='bbox 1061 1279 1221 1354; x_wconf 83' lang='grc' dir='ltr'>πῦρ,</span> <span class='ocrx_word' id='word_1_60' title='bbox 1267 1275 1342 1339; x_wconf 88' lang='grc' dir='ltr'>τό</span> <span class='ocrx_word' id='word_1_61' title='bbox 1387 1276 1442 1340; x_wconf 81' lang='grc' dir='ltr'>τ’</span> <span class='ocrx_word' id='word_1_62' title='bbox 1486 1276 1914 1356; x_wconf 86' lang='grc' dir='ltr'>ἑπεςςύμενον</span> <span class='ocrx_word' id='word_1_63' title='bbox 1958 1276 2151 1341; x_wconf 89' lang='grc' dir='ltr'>πόλιν</span> <span class='ocrx_word' id='word_1_64' title='bbox 2198 1275 2457 1355; x_wconf 85' lang='grc' dir='ltr'>ἀνδρῶν</span> 
     </span>
     <span class='ocr_line' id='line_1_10' title="bbox 597 1376 2312 1462; baseline -0.002 -19"><span class='ocrx_word' id='word_1_65' title='bbox 597 1378 879 1457; x_wconf 88' lang='grc' dir='ltr'>ὄρμενον</span> <span class='ocrx_word' id='word_1_66' title='bbox 926 1377 1229 1457; x_wconf 73' lang='grc' dir='ltr'>ἐξαίφνης</span> <span class='ocrx_word' id='word_1_67' title='bbox 1275 1379 1608 1462; x_wconf 80' lang='grc' dir='ltr'>φλεγέθει,</span> <span class='ocrx_word' id='word_1_68' title='bbox 1654 1377 1979 1458; x_wconf 85' lang='grc' dir='ltr'>μινύθουςι</span> <span class='ocrx_word' id='word_1_69' title='bbox 2023 1376 2312 1441; x_wconf 80' lang='grc' dir='ltr'>δέ-οἷκοι</span> 
     </span>
     <span class='ocr_line' id='line_1_11' title="bbox 594 1478 2234 1561; baseline -0.001 -17"><span class='ocrx_word' id='word_1_70' title='bbox 594 1480 666 1545; x_wconf 86' lang='grc' dir='ltr'>ἐν</span> <span class='ocrx_word' id='word_1_71' title='bbox 713 1481 886 1545; x_wconf 84' lang='grc' dir='ltr'>ςέλαῑ</span> <span class='ocrx_word' id='word_1_72' title='bbox 929 1480 1218 1561; x_wconf 82' lang='grc' dir='ltr'>μεγάλω·</span> <span class='ocrx_word' id='word_1_73' title='bbox 1265 1481 1340 1543; x_wconf 89' lang='grc' dir='ltr'>τὸ</span> <span class='ocrx_word' id='word_1_74' title='bbox 1387 1480 1444 1544; x_wconf 75' lang='grc' dir='ltr'>δ’</span> <span class='ocrx_word' id='word_1_75' title='bbox 1487 1480 1805 1559; x_wconf 79' lang='grc' dir='ltr'>ἐπιβρέμει</span> <span class='ocrx_word' id='word_1_76' title='bbox 1843 1478 1908 1542; x_wconf 82' lang='grc' dir='ltr'>ἲς</span> <span class='ocrx_word' id='word_1_77' title='bbox 1953 1478 2234 1557; x_wconf 82' lang='grc' dir='ltr'>ἀνέμοιο.</span> 
     </span>
    </p>

    <p class='ocr_par' dir='ltr' id='par_1_5' title="bbox 430 1581 2431 2070">
     <span class='ocr_line' id='line_1_12' title="bbox 430 1581 2276 1662; baseline 0 -16"><span class='ocrx_word' id='word_1_78' title='bbox 430 1589 557 1647; x_wconf 87' lang='grc'>740</span> <span class='ocrx_word' id='word_1_79' title='bbox 600 1583 687 1646; x_wconf 85' lang='grc' dir='ltr'>ὣς</span> <span class='ocrx_word' id='word_1_80' title='bbox 734 1583 848 1660; x_wconf 80' lang='grc' dir='ltr'>μὲν</span> <span class='ocrx_word' id='word_1_81' title='bbox 893 1585 1028 1646; x_wconf 88' lang='grc' dir='ltr'>τοῖς</span> <span class='ocrx_word' id='word_1_82' title='bbox 1070 1581 1294 1648; x_wconf 76' lang='grc' dir='ltr'>ἵππων</span> <span class='ocrx_word' id='word_1_83' title='bbox 1337 1602 1407 1647; x_wconf 92' lang='grc' dir='ltr'>τε</span> <span class='ocrx_word' id='word_1_84' title='bbox 1454 1583 1556 1646; x_wconf 87' lang='grc' dir='ltr'>καὶ</span> <span class='ocrx_word' id='word_1_85' title='bbox 1600 1582 1860 1662; x_wconf 85' lang='grc' dir='ltr'>ἀνδρῶν</span> <span class='ocrx_word' id='word_1_86' title='bbox 1907 1581 2276 1661; x_wconf 85' lang='grc' dir='ltr'>αἰχμητάων</span> 
     </span>
     <span class='ocr_line' id='line_1_13' title="bbox 594 1682 2017 1765; baseline -0.001 -15"><span class='ocrx_word' id='word_1_87' title='bbox 594 1684 830 1764; x_wconf 86' lang='grc' dir='ltr'>ἀζηχὴς</span> <span class='ocrx_word' id='word_1_88' title='bbox 875 1682 1237 1761; x_wconf 82' lang='grc' dir='ltr'>ὀρυμαγδὸς</span> <span class='ocrx_word' id='word_1_89' title='bbox 1281 1685 1503 1763; x_wconf 90' lang='grc' dir='ltr'>ἐπήιεν</span> <span class='ocrx_word' id='word_1_90' title='bbox 1548 1684 2017 1765; x_wconf 84' lang='grc' dir='ltr'>ἐρχομένοιςιν·</span> 
     </span>
     <span class='ocr_line' id='line_1_14' title="bbox 598 1784 2431 1866; baseline -0.002 -15"><span class='ocrx_word' id='word_1_91' title='bbox 598 1786 661 1851; x_wconf 80' lang='grc' dir='ltr'>οἳ</span> <span class='ocrx_word' id='word_1_92' title='bbox 707 1786 784 1862; x_wconf 81' lang='grc' dir='ltr'>δ’,</span> <span class='ocrx_word' id='word_1_93' title='bbox 834 1784 924 1848; x_wconf 85' lang='grc' dir='ltr'>ὥς</span> <span class='ocrx_word' id='word_1_94' title='bbox 969 1787 1025 1848; x_wconf 82' lang='grc' dir='ltr'>θ’</span> <span class='ocrx_word' id='word_1_95' title='bbox 1068 1786 1320 1865; x_wconf 88' lang='grc' dir='ltr'>ἡμίονοι</span> <span class='ocrx_word' id='word_1_96' title='bbox 1366 1787 1679 1866; x_wconf 84' lang='grc' dir='ltr'>κρατερὸν</span> <span class='ocrx_word' id='word_1_97' title='bbox 1724 1788 1918 1865; x_wconf 84' lang='grc' dir='ltr'>μένος</span> <span class='ocrx_word' id='word_1_98' title='bbox 1961 1784 2431 1865; x_wconf 84' lang='grc' dir='ltr'>ἀμφιβαλόντες</span> 
     </span>
     <span class='ocr_line' id='line_1_15' title="bbox 599 1885 2228 1966; baseline -0.001 -13"><span class='ocrx_word' id='word_1_99' title='bbox 599 1888 821 1953; x_wconf 82' lang='grc' dir='ltr'>ἕλκως’</span> <span class='ocrx_word' id='word_1_100' title='bbox 866 1888 931 1952; x_wconf 82' lang='grc' dir='ltr'>ἐξ</span> <span class='ocrx_word' id='word_1_101' title='bbox 975 1885 1168 1966; x_wconf 88' lang='grc' dir='ltr'>ὄρεος</span> <span class='ocrx_word' id='word_1_102' title='bbox 1212 1888 1371 1953; x_wconf 89' lang='grc' dir='ltr'>κατὰ</span> <span class='ocrx_word' id='word_1_103' title='bbox 1414 1890 1890 1955; x_wconf 88' lang='grc' dir='ltr'>παιπαλόεςςαν</span> <span class='ocrx_word' id='word_1_104' title='bbox 1935 1888 2228 1966; x_wconf 87' lang='grc' dir='ltr'>ἀταρπὸν</span> 
     </span>
     <span class='ocr_line' id='line_1_16' title="bbox 600 1989 2263 2070; baseline -0.001 -15"><span class='ocrx_word' id='word_1_105' title='bbox 600 1991 638 2068; x_wconf 88' lang='grc' dir='ltr'>ἢ</span> <span class='ocrx_word' id='word_1_106' title='bbox 686 1990 883 2056; x_wconf 80' lang='grc' dir='ltr'>δοκὸν</span> <span class='ocrx_word' id='word_1_107' title='bbox 927 1989 1002 2067; x_wconf 78' lang='grc' dir='ltr'>ἠὲ</span> <span class='ocrx_word' id='word_1_108' title='bbox 1045 1991 1205 2068; x_wconf 82' lang='grc' dir='ltr'>δόρυ</span> <span class='ocrx_word' id='word_1_109' title='bbox 1251 1990 1410 2070; x_wconf 83' lang='grc' dir='ltr'>μέγα</span> <span class='ocrx_word' id='word_1_110' title='bbox 1454 1992 1669 2070; x_wconf 85' lang='grc' dir='ltr'>νήιον·</span> <span class='ocrx_word' id='word_1_111' title='bbox 1716 1989 1787 2056; x_wconf 91' lang='grc' dir='ltr'>ἐν</span> <span class='ocrx_word' id='word_1_112' title='bbox 1833 1991 1904 2054; x_wconf 85' lang='grc' dir='ltr'>δέ</span> <span class='ocrx_word' id='word_1_113' title='bbox 1948 2010 2018 2053; x_wconf 92' lang='grc' dir='ltr'>τε</span> <span class='ocrx_word' id='word_1_114' title='bbox 2063 1989 2263 2069; x_wconf 88' lang='grc' dir='ltr'>θυμὸς</span> 
     </span>
    </p>

    <p class='ocr_par' dir='ltr' id='par_1_6' title="bbox 443 2091 2421 2581">
     <span class='ocr_line' id='line_1_17' title="bbox 443 2091 2365 2176; baseline -0.001 -20"><span class='ocrx_word' id='word_1_115' title='bbox 443 2098 565 2156; x_wconf 84' lang='grc'>745</span> <span class='ocrx_word' id='word_1_116' title='bbox 608 2093 832 2172; x_wconf 82' lang='grc' dir='ltr'>τείρεθ’</span> <span class='ocrx_word' id='word_1_117' title='bbox 877 2091 1043 2173; x_wconf 83' lang='grc' dir='ltr'>ὁμοῦ</span> <span class='ocrx_word' id='word_1_118' title='bbox 1088 2092 1349 2175; x_wconf 83' lang='grc' dir='ltr'>καμάτῳ</span> <span class='ocrx_word' id='word_1_119' title='bbox 1393 2112 1463 2157; x_wconf 93' lang='grc' dir='ltr'>τε</span> <span class='ocrx_word' id='word_1_120' title='bbox 1508 2093 1607 2156; x_wconf 86' lang='grc' dir='ltr'>καὶ</span> <span class='ocrx_word' id='word_1_121' title='bbox 1649 2093 1807 2176; x_wconf 83' lang='grc' dir='ltr'>ἱδρῷ</span> <span class='ocrx_word' id='word_1_122' title='bbox 1855 2091 2365 2156; x_wconf 84' lang='grc' dir='ltr'>ςπευδόντεςςιν·</span> 
     </span>
     <span class='ocr_line' id='line_1_18' title="bbox 604 2191 2421 2274; baseline -0.002 -16"><span class='ocrx_word' id='word_1_123' title='bbox 604 2196 696 2260; x_wconf 86' lang='grc' dir='ltr'>ὣς</span> <span class='ocrx_word' id='word_1_124' title='bbox 741 2195 805 2259; x_wconf 87' lang='grc' dir='ltr'>οἵ</span> <span class='ocrx_word' id='word_1_125' title='bbox 847 2195 906 2270; x_wconf 82' lang='grc' dir='ltr'>γ’</span> <span class='ocrx_word' id='word_1_126' title='bbox 950 2195 1317 2272; x_wconf 84' lang='grc' dir='ltr'>ἐμμεμαῶτε</span> <span class='ocrx_word' id='word_1_127' title='bbox 1362 2194 1552 2258; x_wconf 86' lang='grc' dir='ltr'>νέκυν</span> <span class='ocrx_word' id='word_1_128' title='bbox 1598 2195 1825 2274; x_wconf 84' lang='grc' dir='ltr'>φέρον.</span> <span class='ocrx_word' id='word_1_129' title='bbox 1916 2194 2118 2271; x_wconf 84' lang='grc' dir='ltr'>αὐτὰρ</span> <span class='ocrx_word' id='word_1_130' title='bbox 2161 2191 2421 2256; x_wconf 86' lang='grc' dir='ltr'>ὄπιςθεν</span> 
     </span>
     <span class='ocr_line' id='line_1_19' title="bbox 602 2295 2200 2380; baseline -0.002 -19"><span class='ocrx_word' id='word_1_131' title='bbox 602 2297 816 2363; x_wconf 78' lang='grc' dir='ltr'>Αἴαντ’</span> <span class='ocrx_word' id='word_1_132' title='bbox 860 2296 1221 2380; x_wconf 85' lang='grc' dir='ltr'>ἰςχανέτην,</span> <span class='ocrx_word' id='word_1_133' title='bbox 1274 2296 1363 2360; x_wconf 88' lang='grc' dir='ltr'>ὥς</span> <span class='ocrx_word' id='word_1_134' title='bbox 1406 2318 1471 2361; x_wconf 93' lang='grc' dir='ltr'>τε</span> <span class='ocrx_word' id='word_1_135' title='bbox 1518 2297 1705 2374; x_wconf 86' lang='grc' dir='ltr'>πρὼν</span> <span class='ocrx_word' id='word_1_136' title='bbox 1749 2296 1981 2376; x_wconf 88' lang='grc' dir='ltr'>ἰςχάνει</span> <span class='ocrx_word' id='word_1_137' title='bbox 2027 2295 2200 2374; x_wconf 82' lang='grc' dir='ltr'>ὕδωρ</span> 
     </span>
     <span class='ocr_line' id='line_1_20' title="bbox 607 2398 2007 2480; baseline -0.001 -16"><span class='ocrx_word' id='word_1_138' title='bbox 607 2401 852 2480; x_wconf 80' lang='grc' dir='ltr'>ὑλήεις,</span> <span class='ocrx_word' id='word_1_139' title='bbox 896 2400 1147 2462; x_wconf 83' lang='grc' dir='ltr'>πεδίοιο</span> <span class='ocrx_word' id='word_1_140' title='bbox 1194 2398 1568 2476; x_wconf 80' lang='grc' dir='ltr'>διαπρύςιον</span> <span class='ocrx_word' id='word_1_141' title='bbox 1614 2398 2007 2478; x_wconf 87' lang='grc' dir='ltr'>τετυχηκώς,</span> 
     </span>
     <span class='ocr_line' id='line_1_21' title="bbox 602 2499 2231 2581; baseline 0 -16"><span class='ocrx_word' id='word_1_142' title='bbox 602 2500 675 2566; x_wconf 84' lang='grc' dir='ltr'>ὅς</span> <span class='ocrx_word' id='word_1_143' title='bbox 719 2522 788 2566; x_wconf 90' lang='grc' dir='ltr'>τε</span> <span class='ocrx_word' id='word_1_144' title='bbox 834 2500 934 2564; x_wconf 86' lang='grc' dir='ltr'>καὶ</span> <span class='ocrx_word' id='word_1_145' title='bbox 979 2499 1256 2580; x_wconf 89' lang='grc' dir='ltr'>ἰφθίμων</span> <span class='ocrx_word' id='word_1_146' title='bbox 1301 2508 1613 2581; x_wconf 84' lang='grc' dir='ltr'>ποταμῶν</span> <span class='ocrx_word' id='word_1_147' title='bbox 1658 2500 1958 2576; x_wconf 84' lang='grc' dir='ltr'>ἀλεγεινὰ</span> <span class='ocrx_word' id='word_1_148' title='bbox 2005 2500 2231 2580; x_wconf 83' lang='grc' dir='ltr'>ῥέεθρα</span> 
     </span>
    </p>

    <p class='ocr_par' dir='ltr' id='par_1_7' title="bbox 436 2601 2271 2785">
     <span class='ocr_line' id='line_1_22' title="bbox 436 2601 2271 2684; baseline -0.001 -16"><span class='ocrx_word' id='word_1_149' title='bbox 436 2611 559 2669; x_wconf 84' lang='grc'>750</span> <span class='ocrx_word' id='word_1_150' title='bbox 600 2603 788 2683; x_wconf 84' lang='grc' dir='ltr'>ἴςχει,</span> <span class='ocrx_word' id='word_1_151' title='bbox 835 2601 1014 2684; x_wconf 85' lang='grc' dir='ltr'>ἄφαρ</span> <span class='ocrx_word' id='word_1_152' title='bbox 1059 2604 1131 2667; x_wconf 81' lang='grc' dir='ltr'>δέ</span> <span class='ocrx_word' id='word_1_153' title='bbox 1174 2623 1243 2667; x_wconf 92' lang='grc' dir='ltr'>τε</span> <span class='ocrx_word' id='word_1_154' title='bbox 1288 2606 1437 2668; x_wconf 87' lang='grc' dir='ltr'>πᾶςι</span> <span class='ocrx_word' id='word_1_155' title='bbox 1484 2603 1644 2682; x_wconf 84' lang='grc' dir='ltr'>ῥόον</span> <span class='ocrx_word' id='word_1_156' title='bbox 1688 2603 1915 2668; x_wconf 82' lang='grc' dir='ltr'>πεδίον</span> <span class='ocrx_word' id='word_1_157' title='bbox 1961 2605 2032 2668; x_wconf 80' lang='grc' dir='ltr'>δὲ</span> <span class='ocrx_word' id='word_1_158' title='bbox 2073 2603 2271 2681; x_wconf 87' lang='grc' dir='ltr'>τίθηςι</span> 
     </span>
     <span class='ocr_line' id='line_1_23' title="bbox 606 2704 2260 2785; baseline -0.002 -13"><span class='ocrx_word' id='word_1_159' title='bbox 606 2705 904 2772; x_wconf 83' lang='grc' dir='ltr'>πλάζων·</span> <span class='ocrx_word' id='word_1_160' title='bbox 951 2705 1107 2770; x_wconf 77' lang='grc' dir='ltr'>οὐδέ</span> <span class='ocrx_word' id='word_1_161' title='bbox 1149 2706 1220 2769; x_wconf 86' lang='grc' dir='ltr'>τέ</span> <span class='ocrx_word' id='word_1_162' title='bbox 1264 2725 1366 2784; x_wconf 94' lang='grc' dir='ltr'>μιν</span> <span class='ocrx_word' id='word_1_163' title='bbox 1415 2705 1623 2771; x_wconf 83' lang='grc' dir='ltr'>ςθένεῖ</span> <span class='ocrx_word' id='word_1_164' title='bbox 1668 2704 1925 2785; x_wconf 84' lang='grc' dir='ltr'>ῥηγνῦςι</span> <span class='ocrx_word' id='word_1_165' title='bbox 1971 2704 2260 2784; x_wconf 82' lang='grc' dir='ltr'>ῥέοντες·</span> 
     </span>
    </p>
   </div>
   <div class='ocr_carea' id='block_1_3' title="bbox 435 2862 839 2872">
    <p class='ocr_par' dir='ltr' id='par_1_8' title="bbox 435 2862 839 2872">
     <span class='ocr_line' id='line_1_24' title="bbox 435 2862 839 2872; baseline 0 2134"><span class='ocrx_word' id='word_1_166' title='bbox 435 2862 839 2872; x_wconf 95' lang='lat' dir='ltr'> </span> 
     </span>
    </p>
   </div>
   <div class='ocr_carea' id='block_1_4' title="bbox 427 2966 2722 4060">
    <p class='ocr_par' dir='ltr' id='par_1_9' title="bbox 427 2966 2722 4060">
     <span class='ocr_line' id='line_1_25' title="bbox 564 2966 2721 3037; baseline 0 -14"><span class='ocrx_word' id='word_1_167' title='bbox 564 2969 629 3027; x_wconf 88' lang='lat' dir='ltr'>V.</span> <span class='ocrx_word' id='word_1_168' title='bbox 670 2989 717 3025; x_wconf 75' lang='grc' dir='ltr'>τ..</span> <span class='ocrx_word' id='word_1_169' title='bbox 794 2975 891 3024; x_wconf 86' lang='grc'>730</span> <span class='ocrx_word' id='word_1_170' title='bbox 924 2986 959 3021; x_wconf 91' lang='grc' dir='ltr'>τ</span> <span class='ocrx_word' id='word_1_171' title='bbox 996 2975 1106 3037; x_wconf 82' lang='grc' dir='ltr'>ῷες</span> <span class='ocrx_word' id='word_1_172' title='bbox 1143 2966 1201 3022; x_wconf 84' lang='lat' dir='ltr'>L.</span> <span class='ocrx_word' id='word_1_173' title='bbox 1237 2971 1418 3035; x_wconf 87' lang='grc' dir='ltr'>τρῶες</span> <span class='ocrx_word' id='word_1_174' title='bbox 1456 2969 1507 3034; x_wconf 76' lang='grc' dir='ltr'>χ’</span> <span class='ocrx_word' id='word_1_175' title='bbox 1552 2967 1682 3021; x_wconf 77' lang='lat' dir='ltr'>Vat.</span> <span class='ocrx_word' id='word_1_176' title='bbox 1720 2970 1867 3023; x_wconf 82' lang='grc' dir='ltr'>τέως</span> <span class='ocrx_word' id='word_1_177' title='bbox 1903 2966 1947 3020; x_wconf 88' lang='grc' dir='ltr'><strong>Ε</strong></span> <span class='ocrx_word' id='word_1_178' title='bbox 1990 2973 2134 3031; x_wconf 81' lang='lat'>1124,</span> <span class='ocrx_word' id='word_1_179' title='bbox 2171 2973 2253 3023; x_wconf 84' lang='lat'>43.</span> <span class='ocrx_word' id='word_1_180' title='bbox 2301 2997 2367 3008; x_wconf 91' lang='lat'><em>-</em></span> <span class='ocrx_word' id='word_1_181' title='bbox 2410 2972 2504 3020; x_wconf 80' lang='lat'>731</span> <span class='ocrx_word' id='word_1_182' title='bbox 2543 2970 2721 3034; x_wconf 80' lang='grc' dir='ltr'>ξίφεςί</span> 
     </span>
     <span class='ocr_line' id='line_1_26' title="bbox 436 2986 2721 3105; baseline -0.001 -12"><span class='ocrx_word' id='word_1_183' title='bbox 436 3039 505 3097; x_wconf 89' lang='lat' dir='ltr'>D.</span> <span class='ocrx_word' id='word_1_184' title='bbox 543 3039 901 3105; x_wconf 81' lang='grc' dir='ltr'>ἀμφιγύηιςιν</span> <span class='ocrx_word' id='word_1_185' title='bbox 946 2986 1013 3090; x_wconf 60' lang='lat' dir='ltr'>lg.</span> <span class='ocrx_word' id='word_1_186' title='bbox 1068 3038 1210 3103; x_wconf 76' lang='grc' dir='ltr'>ἀμφὶ</span> <span class='ocrx_word' id='word_1_187' title='bbox 1254 3038 1466 3100; x_wconf 83' lang='grc' dir='ltr'>γύοιςιν</span> <span class='ocrx_word' id='word_1_188' title='bbox 1511 3036 1578 3090; x_wconf 87' lang='lat' dir='ltr'>A.</span> <span class='ocrx_word' id='word_1_189' title='bbox 1641 3068 1697 3076; x_wconf 92' lang='lat'><strong>—</strong></span> <span class='ocrx_word' id='word_1_190' title='bbox 1755 3042 1853 3091; x_wconf 78' lang='grc'>733</span> <span class='ocrx_word' id='word_1_191' title='bbox 1900 3038 1950 3089; x_wconf 77' lang='grc' dir='ltr'>δ’</span> <span class='ocrx_word' id='word_1_192' title='bbox 1997 3036 2275 3103; x_wconf 86' lang='grc' dir='ltr'>ἐτράπετο</span> <span class='ocrx_word' id='word_1_193' title='bbox 2321 3034 2415 3089; x_wconf 84' lang='lat' dir='ltr'>GL</span> <span class='ocrx_word' id='word_1_194' title='bbox 2460 3035 2603 3090; x_wconf 84' lang='lat' dir='ltr'><strong>Flor.</strong></span> <span class='ocrx_word' id='word_1_195' title='bbox 2659 3040 2721 3091; x_wconf 82' lang='grc' dir='ltr'>δὲ</span> 
     </span>
     <span class='ocr_line' id='line_1_27' title="bbox 437 3103 2718 3176; baseline -0 -16"><span class='ocrx_word' id='word_1_196' title='bbox 437 3109 682 3176; x_wconf 86' lang='grc' dir='ltr'>τρέπετο</span> <span class='ocrx_word' id='word_1_197' title='bbox 718 3103 818 3158; x_wconf 88' lang='grc' dir='ltr'>ΕΗ</span> <span class='ocrx_word' id='word_1_198' title='bbox 852 3104 1012 3158; x_wconf 87' lang='lat' dir='ltr'><strong>Rom.</strong></span> <span class='ocrx_word' id='word_1_199' title='bbox 1058 3105 1231 3158; x_wconf 76' lang='lat' dir='ltr'>ceteri</span> <span class='ocrx_word' id='word_1_200' title='bbox 1275 3105 1337 3158; x_wconf 81' lang='grc' dir='ltr'>δὲ</span> <span class='ocrx_word' id='word_1_201' title='bbox 1380 3106 1656 3170; x_wconf 81' lang='grc' dir='ltr'>τράπετο,</span> <span class='ocrx_word' id='word_1_202' title='bbox 1707 3104 1850 3157; x_wconf 82' lang='lat' dir='ltr'><strong>conf.</strong></span> <span class='ocrx_word' id='word_1_203' title='bbox 1886 3121 1930 3170; x_wconf 92' lang='grc' dir='ltr'>φ</span> <span class='ocrx_word' id='word_1_204' title='bbox 1966 3110 2081 3157; x_wconf 80' lang='lat'>412.</span> <span class='ocrx_word' id='word_1_205' title='bbox 2127 3134 2193 3143; x_wconf 91' lang='lat'>—-</span> <span class='ocrx_word' id='word_1_206' title='bbox 2237 3110 2337 3157; x_wconf 80' lang='lat'>734</span> <span class='ocrx_word' id='word_1_207' title='bbox 2372 3105 2718 3170; x_wconf 72' lang='grc' dir='ltr'>δηριάαςθαιι</span> 
     </span>
     <span class='ocr_line' id='line_1_28' title="bbox 427 3171 2713 3244; baseline -0.001 -14"><span class='ocrx_word' id='word_1_208' title='bbox 427 3175 745 3244; x_wconf 84' lang='grc' dir='ltr'>δηρίςαςθαι</span> <span class='ocrx_word' id='word_1_209' title='bbox 770 3172 910 3227; x_wconf 86' lang='lat' dir='ltr'>CDE</span> <span class='ocrx_word' id='word_1_210' title='bbox 935 3172 1074 3226; x_wconf 85' lang='lat' dir='ltr'><strong>Mor.</strong></span> <span class='ocrx_word' id='word_1_211' title='bbox 1099 3173 1324 3227; x_wconf 82' lang='lat' dir='ltr'><strong>Barocc.</strong></span> <span class='ocrx_word' id='word_1_212' title='bbox 1354 3172 1507 3229; x_wconf 79' lang='lat' dir='ltr'>Vrat,</span> <span class='ocrx_word' id='word_1_213' title='bbox 1545 3171 1700 3227; x_wconf 80' lang='lat' dir='ltr'><strong>Harl.</strong></span> <span class='ocrx_word' id='word_1_214' title='bbox 1729 3171 1944 3225; x_wconf 66' lang='lat' dir='ltr'><strong>Townt.</strong></span> <span class='ocrx_word' id='word_1_215' title='bbox 1973 3171 2159 3242; x_wconf 83' lang='lat' dir='ltr'><strong>Frgm.</strong></span> <span class='ocrx_word' id='word_1_216' title='bbox 2187 3171 2358 3227; x_wconf 80' lang='lat' dir='ltr'><strong>Mose.</strong></span> <span class='ocrx_word' id='word_1_217' title='bbox 2383 3171 2540 3226; x_wconf 71' lang='lat' dir='ltr'><strong>Vrat.</strong></span> <span class='ocrx_word' id='word_1_218' title='bbox 2577 3172 2631 3226; x_wconf 91' lang='lat' dir='ltr'>b.</span> <span class='ocrx_word' id='word_1_219' title='bbox 2657 3173 2713 3227; x_wconf 89' lang='lat' dir='ltr'>d.</span> 
     </span>
     <span class='ocr_line' id='line_1_29' title="bbox 433 3238 2721 3309; baseline -0 -13"><span class='ocrx_word' id='word_1_220' title='bbox 433 3245 500 3296; x_wconf 84' lang='lat' dir='ltr'>A.</span> <span class='ocrx_word' id='word_1_221' title='bbox 536 3243 885 3309; x_wconf 82' lang='grc' dir='ltr'>δουρίςαςθαι</span> <span class='ocrx_word' id='word_1_222' title='bbox 911 3240 976 3294; x_wconf 88' lang='lat' dir='ltr'>G.</span> <span class='ocrx_word' id='word_1_223' title='bbox 1013 3271 1078 3280; x_wconf 86' lang='lat'>—</span> <span class='ocrx_word' id='word_1_224' title='bbox 1117 3247 1215 3295; x_wconf 78' lang='grc'>735</span> <span class='ocrx_word' id='word_1_225' title='bbox 1251 3240 1309 3294; x_wconf 83' lang='grc' dir='ltr'>οἵ</span> <span class='ocrx_word' id='word_1_226' title='bbox 1341 3257 1405 3306; x_wconf 90' lang='grc' dir='ltr'>γε</span> <span class='ocrx_word' id='word_1_227' title='bbox 1442 3245 1704 3305; x_wconf 87' lang='grc' dir='ltr'>μεμαῶτε</span> <span class='ocrx_word' id='word_1_228' title='bbox 1741 3239 1881 3293; x_wconf 90' lang='lat' dir='ltr'>AGS</span> <span class='ocrx_word' id='word_1_229' title='bbox 1908 3240 2064 3294; x_wconf 74' lang='lat' dir='ltr'><strong>Cant.</strong></span> <span class='ocrx_word' id='word_1_230' title='bbox 2093 3238 2236 3297; x_wconf 89' lang='lat' dir='ltr'><strong>Flor.</strong></span> <span class='ocrx_word' id='word_1_231' title='bbox 2271 3241 2423 3304; x_wconf 86' lang='grc' dir='ltr'>τώγε</span> <span class='ocrx_word' id='word_1_232' title='bbox 2459 3246 2721 3305; x_wconf 83' lang='grc' dir='ltr'>μεμαῶτε</span> 
     </span>
     <span class='ocr_line' id='line_1_30' title="bbox 432 3307 2719 3377; baseline -0.001 -14"><span class='ocrx_word' id='word_1_233' title='bbox 432 3311 563 3365; x_wconf 64' lang='lat' dir='ltr'><strong>Vaf..</strong></span> <span class='ocrx_word' id='word_1_234' title='bbox 602 3311 657 3365; x_wconf 83' lang='grc' dir='ltr'>οἵ</span> <span class='ocrx_word' id='word_1_235' title='bbox 690 3312 746 3375; x_wconf 81' lang='grc' dir='ltr'>γ’</span> <span class='ocrx_word' id='word_1_236' title='bbox 780 3311 846 3374; x_wconf 91' lang='grc' dir='ltr'>ἐμ</span> <span class='ocrx_word' id='word_1_237' title='bbox 891 3313 1111 3372; x_wconf 87' lang='grc' dir='ltr'>εμαῶτε</span> <span class='ocrx_word' id='word_1_238' title='bbox 1151 3307 1298 3361; x_wconf 89' lang='lat' dir='ltr'>DHL</span> <span class='ocrx_word' id='word_1_239' title='bbox 1333 3307 1479 3377; x_wconf 76' lang='lat' dir='ltr'><strong>Lips.</strong></span> <span class='ocrx_word' id='word_1_240' title='bbox 1515 3308 1674 3362; x_wconf 89' lang='lat' dir='ltr'><strong>Rom.</strong></span> <span class='ocrx_word' id='word_1_241' title='bbox 1715 3310 2078 3375; x_wconf 86' lang='grc' dir='ltr'>ἐμμεμαῶτες</span> <span class='ocrx_word' id='word_1_242' title='bbox 2116 3308 2173 3365; x_wconf 85' lang='lat' dir='ltr'>C.</span> <span class='ocrx_word' id='word_1_243' title='bbox 2213 3337 2272 3346; x_wconf 89' lang='lat'><em>-</em></span> <span class='ocrx_word' id='word_1_244' title='bbox 2312 3312 2410 3361; x_wconf 83' lang='grc'>736</span> <span class='ocrx_word' id='word_1_245' title='bbox 2446 3309 2537 3362; x_wconf 80' lang='grc' dir='ltr'>ἐπὶ</span> <span class='ocrx_word' id='word_1_246' title='bbox 2571 3308 2719 3363; x_wconf 88' lang='lat' dir='ltr'>ACD</span> 
     </span>
     <span class='ocr_line' id='line_1_31' title="bbox 436 3374 2721 3445; baseline -0.002 -12"><span class='ocrx_word' id='word_1_247' title='bbox 436 3378 598 3433; x_wconf 80' lang='lat' dir='ltr'><strong>GHL.</strong></span> <span class='ocrx_word' id='word_1_248' title='bbox 636 3394 730 3444; x_wconf 90' lang='grc' dir='ltr'>ςφι</span> <span class='ocrx_word' id='word_1_249' title='bbox 764 3376 809 3430; x_wconf 87' lang='lat' dir='ltr'>L</span> <span class='ocrx_word' id='word_1_250' title='bbox 888 3376 991 3445; x_wconf 74' lang='lat' dir='ltr'><strong>ipS.</strong></span> <span class='ocrx_word' id='word_1_251' title='bbox 1028 3406 1084 3417; x_wconf 93' lang='lat'>——</span> <span class='ocrx_word' id='word_1_252' title='bbox 1132 3381 1228 3429; x_wconf 82' lang='grc'>738</span> <span class='ocrx_word' id='word_1_253' title='bbox 1265 3377 1510 3443; x_wconf 79' lang='grc' dir='ltr'>ὄρμενον</span> <span class='ocrx_word' id='word_1_254' title='bbox 1546 3374 1605 3432; x_wconf 85' lang='lat' dir='ltr'>C.</span> <span class='ocrx_word' id='word_1_255' title='bbox 1643 3378 1914 3444; x_wconf 83' lang='grc' dir='ltr'>ὄρμαινον</span> <span class='ocrx_word' id='word_1_256' title='bbox 1949 3374 2013 3434; x_wconf 89' lang='grc' dir='ltr'>Ι).</span> <span class='ocrx_word' id='word_1_257' title='bbox 2051 3407 2118 3415; x_wconf 89' lang='grc'>-</span> <span class='ocrx_word' id='word_1_258' title='bbox 2154 3383 2253 3429; x_wconf 73' lang='grc'>740</span> <span class='ocrx_word' id='word_1_259' title='bbox 2286 3376 2352 3429; x_wconf 86' lang='grc' dir='ltr'>τὲ</span> <span class='ocrx_word' id='word_1_260' title='bbox 2389 3374 2458 3428; x_wconf 85' lang='grc' dir='ltr'>Η.</span> <span class='ocrx_word' id='word_1_261' title='bbox 2493 3378 2721 3442; x_wconf 83' lang='grc' dir='ltr'>ἀνδρῶν</span> 
     </span>
     <span class='ocr_line' id='line_1_32' title="bbox 439 3443 2720 3511; baseline -0.001 -11"><span class='ocrx_word' id='word_1_262' title='bbox 439 3448 762 3501; x_wconf 83' lang='grc' dir='ltr'>ἀςπιςτάων</span> <span class='ocrx_word' id='word_1_263' title='bbox 798 3443 1011 3498; x_wconf 83' lang='lat' dir='ltr'><strong>Townl.</strong></span> <span class='ocrx_word' id='word_1_264' title='bbox 1054 3476 1107 3483; x_wconf 93' lang='lat'><strong>—</strong></span> <span class='ocrx_word' id='word_1_265' title='bbox 1152 3450 1247 3497; x_wconf 79' lang='grc'>741</span> <span class='ocrx_word' id='word_1_266' title='bbox 1287 3446 1603 3511; x_wconf 82' lang='grc' dir='ltr'>ὀρυγμαδὸς</span> <span class='ocrx_word' id='word_1_267' title='bbox 1643 3443 1789 3498; x_wconf 88' lang='lat' dir='ltr'>CGH</span> <span class='ocrx_word' id='word_1_268' title='bbox 1846 3476 1911 3485; x_wconf 88' lang='lat'>-</span> <span class='ocrx_word' id='word_1_269' title='bbox 1949 3450 2046 3497; x_wconf 72' lang='grc'>742</span> <span class='ocrx_word' id='word_1_270' title='bbox 2084 3443 2137 3498; x_wconf 83' lang='grc' dir='ltr'>οἳ</span> <span class='ocrx_word' id='word_1_271' title='bbox 2173 3446 2222 3497; x_wconf 81' lang='grc' dir='ltr'>δ’</span> <span class='ocrx_word' id='word_1_272' title='bbox 2259 3446 2324 3499; x_wconf 85' lang='grc' dir='ltr'>Α.</span> <span class='ocrx_word' id='word_1_273' title='bbox 2362 3443 2470 3497; x_wconf 76' lang='grc' dir='ltr'>οἵδ’</span> <span class='ocrx_word' id='word_1_274' title='bbox 2502 3443 2720 3504; x_wconf 82' lang='lat' dir='ltr'><strong>DGHL,</strong></span> 
     </span>
     <span class='ocr_line' id='line_1_33' title="bbox 438 3511 2719 3579; baseline -0.001 -8"><span class='ocrx_word' id='word_1_275' title='bbox 438 3518 517 3571; x_wconf 81' lang='grc' dir='ltr'>ὡς</span> <span class='ocrx_word' id='word_1_276' title='bbox 554 3512 737 3567; x_wconf 77' lang='lat' dir='ltr'><strong>Schol.</strong></span> <span class='ocrx_word' id='word_1_277' title='bbox 774 3514 824 3567; x_wconf 84' lang='grc' dir='ltr'><strong>Ψ</strong></span> <span class='ocrx_word' id='word_1_278' title='bbox 864 3518 976 3565; x_wconf 82' lang='grc'>111.</span> <span class='ocrx_word' id='word_1_279' title='bbox 1023 3514 1253 3578; x_wconf 84' lang='grc' dir='ltr'>ἡμίονες</span> <span class='ocrx_word' id='word_1_280' title='bbox 1291 3513 1354 3565; x_wconf 91' lang='lat' dir='ltr'>A.</span> <span class='ocrx_word' id='word_1_281' title='bbox 1404 3513 1593 3576; x_wconf 85' lang='grc' dir='ltr'>ἡμίονι</span> <span class='ocrx_word' id='word_1_282' title='bbox 1629 3512 1695 3569; x_wconf 81' lang='lat' dir='ltr'>G.</span> <span class='ocrx_word' id='word_1_283' title='bbox 1746 3513 1983 3579; x_wconf 78' lang='grc' dir='ltr'>οίμίονοι</span> <span class='ocrx_word' id='word_1_284' title='bbox 2019 3511 2075 3566; x_wconf 90' lang='lat' dir='ltr'>L.</span> <span class='ocrx_word' id='word_1_285' title='bbox 2123 3542 2185 3551; x_wconf 90' lang='lat'><strong>—</strong></span> <span class='ocrx_word' id='word_1_286' title='bbox 2234 3518 2332 3567; x_wconf 74' lang='grc'>743</span> <span class='ocrx_word' id='word_1_287' title='bbox 2368 3514 2622 3568; x_wconf 83' lang='grc' dir='ltr'>ἕλκουςιν</span> <span class='ocrx_word' id='word_1_288' title='bbox 2655 3512 2719 3569; x_wconf 88' lang='grc' dir='ltr'>Ε.</span> 
     </span>
     <span class='ocr_line' id='line_1_34' title="bbox 434 3578 2722 3646; baseline -0.001 -10"><span class='ocrx_word' id='word_1_289' title='bbox 434 3599 578 3636; x_wconf 88' lang='grc' dir='ltr'>κατα</span> <span class='ocrx_word' id='word_1_290' title='bbox 614 3580 678 3633; x_wconf 89' lang='lat' dir='ltr'>H.</span> <span class='ocrx_word' id='word_1_291' title='bbox 732 3611 793 3620; x_wconf 94' lang='lat'>—</span> <span class='ocrx_word' id='word_1_292' title='bbox 845 3586 943 3633; x_wconf 82' lang='grc'>744</span> <span class='ocrx_word' id='word_1_293' title='bbox 989 3581 1129 3646; x_wconf 85' lang='grc' dir='ltr'>μέγα</span> <span class='ocrx_word' id='word_1_294' title='bbox 1165 3581 1303 3646; x_wconf 81' lang='grc' dir='ltr'>δόρυ</span> <span class='ocrx_word' id='word_1_295' title='bbox 1339 3578 1379 3633; x_wconf 89' lang='lat' dir='ltr'>C</span> <span class='ocrx_word' id='word_1_296' title='bbox 1422 3578 1574 3633; x_wconf 75' lang='lat' dir='ltr'><strong>Vrat.</strong></span> <span class='ocrx_word' id='word_1_297' title='bbox 1626 3581 1677 3639; x_wconf 81' lang='lat' dir='ltr'>b,</span> <span class='ocrx_word' id='word_1_298' title='bbox 1723 3611 1788 3619; x_wconf 87' lang='lat'>—-</span> <span class='ocrx_word' id='word_1_299' title='bbox 1836 3586 1935 3634; x_wconf 86' lang='grc'>745</span> <span class='ocrx_word' id='word_1_300' title='bbox 1971 3581 2362 3635; x_wconf 88' lang='grc' dir='ltr'>ςπουδόντεςςι</span> <span class='ocrx_word' id='word_1_301' title='bbox 2398 3579 2464 3634; x_wconf 89' lang='grc' dir='ltr'>Η.</span> <span class='ocrx_word' id='word_1_302' title='bbox 2511 3610 2569 3619; x_wconf 88' lang='lat'>-</span> <span class='ocrx_word' id='word_1_303' title='bbox 2622 3586 2722 3634; x_wconf 74' lang='grc'>746</span> 
     </span>
     <span class='ocr_line' id='line_1_35' title="bbox 434 3646 2720 3716; baseline 0.001 -12"><span class='ocrx_word' id='word_1_304' title='bbox 434 3651 489 3705; x_wconf 85' lang='grc' dir='ltr'>οἵ</span> <span class='ocrx_word' id='word_1_305' title='bbox 522 3652 577 3716; x_wconf 81' lang='grc' dir='ltr'>γ’</span> <span class='ocrx_word' id='word_1_306' title='bbox 613 3650 946 3715; x_wconf 87' lang='grc' dir='ltr'>ἐμμεμαῶτε</span> <span class='ocrx_word' id='word_1_307' title='bbox 992 3647 1088 3701; x_wconf 89' lang='lat' dir='ltr'>HL</span> <span class='ocrx_word' id='word_1_308' title='bbox 1131 3646 1264 3715; x_wconf 74' lang='lat' dir='ltr'>Lips</span> <span class='ocrx_word' id='word_1_309' title='bbox 1328 3646 1488 3701; x_wconf 85' lang='lat' dir='ltr'><strong>Rom.</strong></span> <span class='ocrx_word' id='word_1_310' title='bbox 1534 3648 1961 3713; x_wconf 82' lang='grc' dir='ltr'>οἵγεμμεμαῶτε</span> <span class='ocrx_word' id='word_1_311' title='bbox 2001 3648 2056 3705; x_wconf 86' lang='lat' dir='ltr'>C.</span> <span class='ocrx_word' id='word_1_312' title='bbox 2106 3648 2217 3714; x_wconf 79' lang='grc' dir='ltr'>οἵγ’</span> <span class='ocrx_word' id='word_1_313' title='bbox 2259 3648 2618 3714; x_wconf 90' lang='grc' dir='ltr'>ἐμμεμαῶτες</span> <span class='ocrx_word' id='word_1_314' title='bbox 2655 3646 2720 3706; x_wconf 94' lang='lat' dir='ltr'>D.</span> 
     </span>
     <span class='ocr_line' id='line_1_36' title="bbox 432 3714 2719 3784; baseline -0.002 -11"><span class='ocrx_word' id='word_1_315' title='bbox 432 3720 518 3773; x_wconf 90' lang='grc' dir='ltr'>τώ</span> <span class='ocrx_word' id='word_1_316' title='bbox 555 3719 610 3783; x_wconf 85' lang='grc' dir='ltr'>γ’</span> <span class='ocrx_word' id='word_1_317' title='bbox 655 3719 987 3784; x_wconf 85' lang='grc' dir='ltr'>ἐμμεμαῶτε</span> <span class='ocrx_word' id='word_1_318' title='bbox 1034 3715 1162 3771; x_wconf 66' lang='lat' dir='ltr'><strong>Vnt.</strong></span> <span class='ocrx_word' id='word_1_319' title='bbox 1212 3716 1334 3779; x_wconf 77' lang='grc' dir='ltr'>οἵγε</span> <span class='ocrx_word' id='word_1_320' title='bbox 1382 3720 1647 3783; x_wconf 87' lang='grc' dir='ltr'>μεμαῶτε</span> <span class='ocrx_word' id='word_1_321' title='bbox 1692 3714 1831 3770; x_wconf 86' lang='lat' dir='ltr'>AGS</span> <span class='ocrx_word' id='word_1_322' title='bbox 1878 3714 2036 3770; x_wconf 73' lang='lat' dir='ltr'><strong>Cant.</strong></span> <span class='ocrx_word' id='word_1_323' title='bbox 2072 3715 2219 3769; x_wconf 85' lang='lat' dir='ltr'><strong>Flor.</strong></span> <span class='ocrx_word' id='word_1_324' title='bbox 2272 3747 2329 3756; x_wconf 83' lang='lat'>—-</span> <span class='ocrx_word' id='word_1_325' title='bbox 2380 3722 2474 3771; x_wconf 72' lang='lat'>7⁴7</span> <span class='ocrx_word' id='word_1_326' title='bbox 2513 3718 2592 3771; x_wconf 82' lang='grc' dir='ltr'>ὥς</span> <span class='ocrx_word' id='word_1_327' title='bbox 2628 3734 2719 3771; x_wconf 69' lang='lat' dir='ltr'>Te:</span> 
     </span>
     <span class='ocr_line' id='line_1_37' title="bbox 437 3783 2720 3854; baseline -0.001 -13"><span class='ocrx_word' id='word_1_328' title='bbox 437 3789 514 3841; x_wconf 84' lang='grc' dir='ltr'>ὥς</span> <span class='ocrx_word' id='word_1_329' title='bbox 551 3803 660 3854; x_wconf 88' lang='grc' dir='ltr'>περ</span> <span class='ocrx_word' id='word_1_330' title='bbox 695 3785 756 3843; x_wconf 83' lang='lat' dir='ltr'>L,</span> <span class='ocrx_word' id='word_1_331' title='bbox 801 3815 864 3826; x_wconf 91' lang='lat'>—-</span> <span class='ocrx_word' id='word_1_332' title='bbox 919 3789 1016 3839; x_wconf 73' lang='lat'>748</span> <span class='ocrx_word' id='word_1_333' title='bbox 1063 3785 1376 3853; x_wconf 86' lang='grc' dir='ltr'>τετυχηκὸς</span> <span class='ocrx_word' id='word_1_334' title='bbox 1414 3785 1562 3852; x_wconf 80' lang='lat' dir='ltr'><strong>Lips.</strong></span> <span class='ocrx_word' id='word_1_335' title='bbox 1612 3786 1904 3852; x_wconf 85' lang='grc' dir='ltr'>τετυχηὼς</span> <span class='ocrx_word' id='word_1_336' title='bbox 1947 3784 2273 3838; x_wconf 80' lang='lat' dir='ltr'>Heraclides</span> <span class='ocrx_word' id='word_1_337' title='bbox 2318 3784 2470 3852; x_wconf 84' lang='lat' dir='ltr'><strong>apud</strong></span> <span class='ocrx_word' id='word_1_338' title='bbox 2514 3783 2720 3839; x_wconf 72' lang='lat' dir='ltr'><strong>Osann.</strong></span> 
     </span>
     <span class='ocr_line' id='line_1_38' title="bbox 436 3852 2722 3922; baseline -0.001 -15"><span class='ocrx_word' id='word_1_339' title='bbox 436 3854 660 3920; x_wconf 76' lang='lat' dir='ltr'><strong>Quaest.</strong></span> <span class='ocrx_word' id='word_1_340' title='bbox 699 3853 862 3908; x_wconf 86' lang='lat' dir='ltr'><strong>Hom.</strong></span> <span class='ocrx_word' id='word_1_341' title='bbox 902 3852 1005 3910; x_wconf 85' lang='lat' dir='ltr'>IV.</span> <span class='ocrx_word' id='word_1_342' title='bbox 1040 3870 1133 3922; x_wconf 83' lang='lat' dir='ltr'>pg.</span> <span class='ocrx_word' id='word_1_343' title='bbox 1172 3857 1254 3908; x_wconf 78' lang='lat'>21.</span> <span class='ocrx_word' id='word_1_344' title='bbox 1292 3881 1357 3891; x_wconf 94' lang='lat'>——</span> <span class='ocrx_word' id='word_1_345' title='bbox 1406 3858 1505 3906; x_wconf 82' lang='grc'>750</span> <span class='ocrx_word' id='word_1_346' title='bbox 1540 3852 1814 3919; x_wconf 78' lang='grc' dir='ltr'>παςίροον</span> <span class='ocrx_word' id='word_1_347' title='bbox 1850 3855 1914 3907; x_wconf 91' lang='lat' dir='ltr'>A.</span> <span class='ocrx_word' id='word_1_348' title='bbox 1961 3854 2268 3918; x_wconf 83' lang='grc' dir='ltr'>πᾶςῖρρόον</span> <span class='ocrx_word' id='word_1_349' title='bbox 2303 3853 2371 3911; x_wconf 89' lang='lat' dir='ltr'>H.</span> <span class='ocrx_word' id='word_1_350' title='bbox 2414 3855 2592 3921; x_wconf 86' lang='grc' dir='ltr'>τίθηςι</span> <span class='ocrx_word' id='word_1_351' title='bbox 2628 3852 2722 3906; x_wconf 85' lang='lat' dir='ltr'>Ac</span> 
     </span>
     <span class='ocr_line' id='line_1_39' title="bbox 433 3918 2718 3985; baseline 0 -9"><span class='ocrx_word' id='word_1_352' title='bbox 433 3921 642 3980; x_wconf 85' lang='lat' dir='ltr'><strong>DEGL.</strong></span> <span class='ocrx_word' id='word_1_353' title='bbox 678 3952 745 3961; x_wconf 93' lang='grc'>-</span> <span class='ocrx_word' id='word_1_354' title='bbox 782 3929 871 3977; x_wconf 83' lang='grc'>751</span> <span class='ocrx_word' id='word_1_355' title='bbox 916 3923 1048 3976; x_wconf 81' lang='grc' dir='ltr'>οὐδέ</span> <span class='ocrx_word' id='word_1_356' title='bbox 1082 3938 1138 3974; x_wconf 87' lang='grc' dir='ltr'>τι</span> <span class='ocrx_word' id='word_1_357' title='bbox 1175 3936 1266 3985; x_wconf 90' lang='grc' dir='ltr'>μιν</span> <span class='ocrx_word' id='word_1_358' title='bbox 1301 3918 1417 3976; x_wconf 85' lang='lat' dir='ltr'>AG.</span> <span class='ocrx_word' id='word_1_359' title='bbox 1456 3921 1589 3975; x_wconf 79' lang='grc' dir='ltr'>οὐδέ</span> <span class='ocrx_word' id='word_1_360' title='bbox 1625 3921 1678 3972; x_wconf 86' lang='grc' dir='ltr'>τί</span> <span class='ocrx_word' id='word_1_361' title='bbox 1723 3919 1768 3972; x_wconf 89' lang='grc' dir='ltr'><strong>Ε</strong></span> <span class='ocrx_word' id='word_1_362' title='bbox 1805 3922 1939 3975; x_wconf 75' lang='grc' dir='ltr'>οὐδὲ</span> <span class='ocrx_word' id='word_1_363' title='bbox 1974 3936 2037 3973; x_wconf 90' lang='grc' dir='ltr'>τε</span> <span class='ocrx_word' id='word_1_364' title='bbox 2074 3919 2266 3975; x_wconf 87' lang='lat' dir='ltr'><strong>CDHL</strong></span> <span class='ocrx_word' id='word_1_365' title='bbox 2313 3920 2541 3975; x_wconf 84' lang='lat' dir='ltr'><strong>Barocc.</strong></span> <span class='ocrx_word' id='word_1_366' title='bbox 2576 3919 2718 3977; x_wconf 84' lang='lat' dir='ltr'><strong>Mor.</strong></span> 
     </span>
     <span class='ocr_line' id='line_1_40' title="bbox 432 3986 2237 4060; baseline -0.001 -17"><span class='ocrx_word' id='word_1_367' title='bbox 432 3989 642 4049; x_wconf 82' lang='lat' dir='ltr'>Townl,</span> <span class='ocrx_word' id='word_1_368' title='bbox 680 3990 825 4060; x_wconf 78' lang='lat' dir='ltr'><strong>Lips.</strong></span> <span class='ocrx_word' id='word_1_369' title='bbox 864 3991 1015 4048; x_wconf 71' lang='lat' dir='ltr'><strong>vtat,</strong></span> <span class='ocrx_word' id='word_1_370' title='bbox 1053 3989 1106 4048; x_wconf 83' lang='lat' dir='ltr'>b,</span> <span class='ocrx_word' id='word_1_371' title='bbox 1143 3986 1277 4053; x_wconf 81' lang='lat' dir='ltr'>„alii</span> <span class='ocrx_word' id='word_1_372' title='bbox 1311 3989 1434 4041; x_wconf 81' lang='grc' dir='ltr'>οὐδ’</span> <span class='ocrx_word' id='word_1_373' title='bbox 1469 3990 1586 4042; x_wconf 81' lang='grc' dir='ltr'>ἔτι“</span> <span class='ocrx_word' id='word_1_374' title='bbox 1623 3987 1869 4057; x_wconf 79' lang='lat' dir='ltr'><strong>Heyne.</strong></span> <span class='ocrx_word' id='word_1_375' title='bbox 1908 3990 2137 4056; x_wconf 86' lang='grc' dir='ltr'>ῥήγνυςι</span> <span class='ocrx_word' id='word_1_376' title='bbox 2172 3987 2237 4047; x_wconf 83' lang='lat' dir='ltr'>D.</span> 
     </span>
    </p>
   </div>
   <div class='ocr_carea' id='block_1_5' title="bbox 435 4225 2723 4432">
    <p class='ocr_par' dir='ltr' id='par_1_10' title="bbox 435 4225 2723 4432">
     <span class='ocr_line' id='line_1_41' title="bbox 570 4225 2723 4292; baseline 0 -11"><span class='ocrx_word' id='word_1_377' title='bbox 570 4229 639 4281; x_wconf 91' lang='lat' dir='ltr'>A.</span> <span class='ocrx_word' id='word_1_378' title='bbox 678 4247 725 4283; x_wconf 84' lang='lat' dir='ltr'>e.</span> <span class='ocrx_word' id='word_1_379' title='bbox 797 4233 895 4281; x_wconf 84' lang='grc'>735</span> <span class='ocrx_word' id='word_1_380' title='bbox 931 4228 987 4282; x_wconf 83' lang='grc' dir='ltr'>οἵ</span> <span class='ocrx_word' id='word_1_381' title='bbox 1020 4230 1074 4291; x_wconf 84' lang='grc' dir='ltr'>γ’</span> <span class='ocrx_word' id='word_1_382' title='bbox 1117 4228 1447 4292; x_wconf 88' lang='grc' dir='ltr'>ἐμμεμαῶτε</span> <span class='ocrx_word' id='word_1_383' title='bbox 1495 4226 1879 4289; x_wconf 68' lang='lat' dir='ltr'><strong>Aristarchus.</strong></span> <span class='ocrx_word' id='word_1_384' title='bbox 1925 4225 2069 4280; x_wconf 83' lang='lat' dir='ltr'><strong>conf.</strong></span> <span class='ocrx_word' id='word_1_385' title='bbox 2118 4225 2187 4285; x_wconf 87' lang='grc' dir='ltr'>Η,</span> <span class='ocrx_word' id='word_1_386' title='bbox 2235 4227 2298 4280; x_wconf 94' lang='grc' dir='ltr'>Τ.</span> <span class='ocrx_word' id='word_1_387' title='bbox 2346 4233 2461 4281; x_wconf 61' lang='grc'>251.</span> <span class='ocrx_word' id='word_1_388' title='bbox 2510 4258 2573 4265; x_wconf 86' lang='lat'>—-</span> <span class='ocrx_word' id='word_1_389' title='bbox 2621 4232 2723 4281; x_wconf 79' lang='grc'>746</span> 
     </span>
     <span class='ocr_line' id='line_1_42' title="bbox 436 4294 2721 4362; baseline -0.001 -12"><span class='ocrx_word' id='word_1_390' title='bbox 436 4297 794 4361; x_wconf 62' lang='grc' dir='ltr'>ἐμμεμαῶτες</span> <span class='ocrx_word' id='word_1_391' title='bbox 831 4298 987 4350; x_wconf 84' lang='grc' dir='ltr'>οὕτω</span> <span class='ocrx_word' id='word_1_392' title='bbox 1024 4299 1113 4349; x_wconf 86' lang='grc' dir='ltr'>διὰ</span> <span class='ocrx_word' id='word_1_393' title='bbox 1148 4302 1266 4348; x_wconf 90' lang='grc' dir='ltr'>τῶν</span> <span class='ocrx_word' id='word_1_394' title='bbox 1302 4297 1403 4349; x_wconf 86' lang='grc' dir='ltr'>δύο</span> <span class='ocrx_word' id='word_1_395' title='bbox 1441 4301 1494 4360; x_wconf 77' lang='grc' dir='ltr'>μ’.</span> <span class='ocrx_word' id='word_1_396' title='bbox 1529 4297 1679 4349; x_wconf 85' lang='grc' dir='ltr'>τινὲς</span> <span class='ocrx_word' id='word_1_397' title='bbox 1716 4298 1778 4350; x_wconf 82' lang='grc' dir='ltr'>δὲ</span> <span class='ocrx_word' id='word_1_398' title='bbox 1812 4296 1864 4350; x_wconf 80' lang='grc' dir='ltr'>οἱ</span> <span class='ocrx_word' id='word_1_399' title='bbox 1904 4296 2005 4360; x_wconf 83' lang='grc' dir='ltr'>μὲν</span> <span class='ocrx_word' id='word_1_400' title='bbox 2040 4297 2131 4362; x_wconf 81' lang='grc' dir='ltr'>ἄρ’</span> <span class='ocrx_word' id='word_1_401' title='bbox 2154 4297 2498 4360; x_wconf 85' lang='grc' dir='ltr'>ἐμμεμαῶτε</span> <span class='ocrx_word' id='word_1_402' title='bbox 2535 4294 2721 4354; x_wconf 84' lang='lat' dir='ltr'><strong>Schol.</strong></span> 
     </span>
     <span class='ocr_line' id='line_1_43' title="bbox 435 4361 2346 4432; baseline 0.002 -15"><span class='ocrx_word' id='word_1_403' title='bbox 435 4362 512 4430; x_wconf 83' lang='lat' dir='ltr'>V,</span> <span class='ocrx_word' id='word_1_404' title='bbox 549 4363 693 4417; x_wconf 80' lang='lat' dir='ltr'><strong>conf.</strong></span> <span class='ocrx_word' id='word_1_405' title='bbox 732 4362 805 4417; x_wconf 77' lang='lat' dir='ltr'>ad</span> <span class='ocrx_word' id='word_1_406' title='bbox 843 4370 956 4419; x_wconf 84' lang='grc'>735.</span> <span class='ocrx_word' id='word_1_407' title='bbox 998 4395 1062 4404; x_wconf 88' lang='grc'>--</span> <span class='ocrx_word' id='word_1_408' title='bbox 1098 4369 1193 4418; x_wconf 86' lang='grc'>751</span> <span class='ocrx_word' id='word_1_409' title='bbox 1235 4364 1639 4432; x_wconf 85' lang='grc' dir='ltr'>Ἀριςτοφάνης</span> <span class='ocrx_word' id='word_1_410' title='bbox 1677 4365 1806 4418; x_wconf 80' lang='grc' dir='ltr'>οὐδέ</span> <span class='ocrx_word' id='word_1_411' title='bbox 1840 4364 1893 4417; x_wconf 89' lang='grc' dir='ltr'>τί</span> <span class='ocrx_word' id='word_1_412' title='bbox 1931 4380 2023 4429; x_wconf 90' lang='grc' dir='ltr'>μιν</span> <span class='ocrx_word' id='word_1_413' title='bbox 2059 4362 2240 4417; x_wconf 89' lang='lat' dir='ltr'><strong>Schol.</strong></span> <span class='ocrx_word' id='word_1_414' title='bbox 2282 4361 2346 4422; x_wconf 85' lang='lat' dir='ltr'>V.</span> 
     </span>
    </p>
   </div>
  </div>
 </body>
</html>
