3144 5006
1269 421 1601 479 ΙΛΙΑΔΟ(
1647 420 1793 477 VIII,
2551 418 2678 486 225

720 581 836 646 τὸν
881 582 952 645 δὲ
996 578 1128 660 μετ’
1170 578 1515 658 Ἀτρεῖδαι,
1560 575 1972 656 Ἀγαμέμνων
2015 575 2117 640 καὶ
2163 574 2522 658 Μενέλαος,

552 683 713 747 τοῖςι
755 682 813 745 δ’
857 680 957 746 ἐπ’
1001 679 1296 762 Αἴαντες,
1342 682 1565 758 θοῦριν
1611 678 1933 757 ἐπιεμένοι
1976 677 2198 760 ἀλκήν,
2268 710 2281 721 -

554 785 711 848 τοῖςι
756 782 814 847 δ’
855 781 958 847 ἐπ’
1000 781 1350 861 Ἰδομενεὺς
1394 780 1496 846 καὶ
1538 778 1772 844 ὀπάων
1817 779 2197 861 Ἰδομενῆος,

554 884 914 967 Μηριόνης,
960 883 1320 949 ἀτάλαντος
1365 881 1672 964 Ἐνυαλίῳ
1717 879 2173 965 ἀνδρεϊφόντῃ,

388 991 508 1052 265
553 989 716 1053 τοῖςι
760 985 817 1051 δ’
861 985 963 1050 ἐπ’
1007 984 1414 1066 Εὐρύπυλος,
1460 981 1814 1063 Εὐαίμονος
1857 980 2100 1058 ἀγλαὸς
2146 979 2299 1046 υἱός.

555 1089 835 1167 Τεῦκρος
877 1088 935 1151 δ’
980 1085 1233 1153 εἴνατος
1276 1084 1428 1163 ἦλθε
1474 1083 1833 1150 παλίντονα
1874 1083 2028 1150 τόξα
2070 1083 2390 1165 τιταίνων,

560 1193 669 1268 ςτῆ
714 1190 771 1253 δ’
814 1186 916 1268 ἄρ’
960 1189 1069 1254 ὑπ’
1113 1187 1385 1253 Αἴαντος
1430 1186 1603 1253 ςάκεϊ
1645 1184 2169 1262 Τελαμωνιάδαο.

556 1290 688 1356 ἔνθ’
733 1289 885 1356 Αἴας
925 1291 1041 1370 μὲν
1087 1288 1481 1370 ὑπεξέφερεν
1528 1287 1749 1353 ςάκος·
1796 1286 2000 1367 αὐτὰρ
2046 1285 2084 1351 ὅ
2129 1287 2186 1364 γ’
2229 1286 2402 1367 ἥρως

555 1392 927 1474 παπτήνας,
973 1390 1113 1456 ἐπεὶ
1154 1388 1236 1472 ἄρ
1281 1390 1400 1456 τιν’
1444 1388 1770 1455 ὸιςτεύςας
1814 1388 1886 1454 ἐν
1932 1387 2134 1471 ὁμίλῳ

389 1500 514 1558 270
559 1493 882 1576 βεβλήκοι,
927 1493 966 1557 ὃ
1009 1493 1125 1573 μὲν
1171 1492 1318 1558 αὖθι
1360 1492 1576 1557 πεςων
1622 1489 1754 1554 ἀπὸ
1799 1490 2002 1570 θυμὸν
2047 1487 2327 1572 ὄλεςςεν,

556 1595 761 1674 αὐτὰρ
806 1595 845 1659 ὃ
887 1591 1062 1660 αὖτις
1106 1594 1222 1660 ἰὼν
1267 1594 1414 1659 πάις
1459 1593 1549 1658 ὣς
1596 1590 1725 1656 ὑπὸ
1769 1592 2005 1671 μητέρα
2049 1589 2274 1657 δύςκεν

556 1697 643 1762 εἰς
686 1695 932 1761 Αἴανθ’·
979 1695 1017 1760 ὃ
1062 1694 1135 1760 δέ
1181 1715 1284 1775 μιν
1330 1695 1503 1762 ςάκεϊ
1546 1695 1898 1774 κρύπταςκε
1942 1699 2213 1776 φαεινῷ.

726 1797 885 1863 ἔνθα
925 1795 1068 1862 τίνα
1111 1802 1375 1876 πρῶτον
1421 1797 1670 1876 Τρώων
1716 1794 1820 1860 ἕλε
1865 1794 2145 1874 Τεῦκρος
2189 1793 2487 1874 άμύμων;

558 1897 938 1978 Ὀρςίλοχον
982 1900 1097 1977 μὲν
1141 1900 1370 1978 πρῶτα
1411 1898 1514 1964 καὶ
1553 1898 1877 1977 Ὄρμενον
1921 1895 2020 1974 ἠδ’
2064 1895 2455 1976 Ὀφελέςτην

393 2006 512 2065 275
556 2000 852 2081 Δαίτορά
896 2019 964 2066 τε
1011 1999 1295 2080 Χρομίον
1337 2020 1408 2066 τε
1451 2001 1555 2065 καὶ
1598 1999 1894 2065 ἀντίθεον
1938 1996 2364 2079 Λυκοφόντην

557 2103 657 2168 καὶ
701 2100 1228 2182 Πολυαιμονίδην
1273 2100 1646 2182 Ἀμοπάονα
1690 2101 1792 2165 καὶ
1837 2099 2286 2166 Μελάνιππον.

560 2203 833 2287 [πάντας
880 2203 1343 2283 ἐπαςςυτέρους
1386 2204 1623 2268 πέλαςε
1666 2202 1853 2282 χθονὶ
1895 2200 2410 2286 πουλυβοτείρῃ]

557 2306 674 2372 τὸν
720 2306 792 2370 δὲ
836 2305 993 2371 ἰδὼν
1037 2305 1310 2384 γήθηςεν
1353 2303 1513 2371 ἄναξ
1559 2303 1821 2384 ἀνδρῶν
1865 2304 2276 2384 Ἀγαμέμνων

561 2405 753 2472 τόξου
799 2407 930 2474 ἄπο
976 2411 1289 2487 κρατεροῦ
1332 2406 1582 2485 Τρώων
1629 2404 1944 2471 ὀλέκοντα
1988 2405 2361 2486 φάλαγγας·

399 2511 524 2571 280
566 2511 674 2586 ςτῆ
719 2510 791 2574 δὲ
833 2511 981 2590 παρ’
1024 2511 1225 2576 αὐτὸν
1272 2509 1389 2575 ἰὼν
1434 2509 1536 2574 καί
1580 2529 1683 2589 μιν
1728 2509 1893 2589 πρὸς
1937 2509 2139 2586 μῦθον
2185 2507 2388 2574 ἔειπε·

529 2692 595 2746 V.
634 2712 683 2747 r..
737 2699 830 2747 261
869 2696 1036 2749 τόνδε
1072 2694 1186 2749 DL.
1232 2697 1362 2761 μετ’·
1395 2697 1464 2748 A.
1513 2694 1635 2759 μέτ’
1668 2691 1781 2746 EG.
1820 2722 1888 2733 —
1922 2697 2021 2746 262
2057 2693 2148 2748 ἐπ’
2182 2691 2351 2751 EGH.
2400 2699 2594 2762 θοῦροι
2632 2693 2679 2747 G

393 2761 529 2816 Mor.
563 2797 630 2807 —
666 2765 765 2816 263
800 2764 891 2816 ἐπ’
923 2761 1092 2820 EGH.
1127 2792 1196 2802 —
1231 2767 1331 2816 264
1367 2762 1769 2865 ἀνδρεχις-ριῦντηι
1790 2762 1857 2815 A.
1893 2762 2240 2830 ἀνδριφόντῃ
2265 2760 2442 2820 DGH.
2481 2792 2542 2802 —
2579 2768 2681 2818 265

393 2864 485 2917 ἔπ’
520 2861 972 2931 ΟΗ.“εὐαίμονος
1006 2864 1072 2918 A.
1111 2894 1176 2903 —
1211 2868 1312 2918 266
1348 2864 1665 2918 παλίντονα
1699 2863 1766 2917 A.
1812 2892 1877 2902 -
1922 2868 2021 2918 267
2059 2863 2110 2917 δ’
2143 2864 2213 2930 ἂρ
2248 2863 2347 2917 ὑπ’
2379 2860 2592 2917 DEGL.
2630 2865 2683 2917 δ’

392 2965 481 3029 ἄρ’
514 2964 606 3019 ἐπ’
641 2934 818 3018 Hfffe
864 2965 998 3032 παρ’
1032 2966 1081 3017 A
1128 2966 1188 3018 et
1228 2981 1312 3031 γρ.
1357 2970 1458 3032 ςτῆ
1484 2937 1661 3032 {scip
1705 2966 1804 3018 ὑπ’
1846 2964 2094 3018 αἴαντος.
2130 2994 2195 3050 ,-
2231 2968 2331 3018 268
2366 2964 2680 3097 ὑπεξέῖερε

393 3029 769 3154 ῗέἶῖῦἐέῗ..
782 3030 1205 3154 Ἐαπῖἒὲῗῖιὲό
1231 3029 2681 3156 δ’ὖῑιῗρσὶἑέἓεῗιῶέἶὲ.βᾶἷζὲἒὲιὲἳῗὲεὲἒνλέῖ

397 3196 459 3204 -
494 3171 590 3220 271
629 3166 661 3221 δ
697 3165 842 3221 ACD
896 3163 1009 3220 HL.
1044 3168 1201 3223 αὖθις
1237 3166 1278 3221 C
1334 3170 1466 3225 πάϊς
1501 3166 1816 3224 ACDEHL.
1866 3169 1945 3223 ὡς
1990 3169 2105 3223 ὑπο
2140 3167 2206 3221 A.
2242 3197 2306 3205 ——-
2341 3172 2443 3221 272
2479 3168 2575 3223 ὅδε
2612 3167 2679 3222 G.

395 3279 461 3290 -
493 3255 594 3306 273
628 3253 839 3372 ’ἑρῲων
871 3251 935 3305 L.
970 3281 1036 3291 --
1071 3257 1173 3307 274
1206 3237 1449 3320 δρμῖνον
1487 3251 1598 3308 OG.
1636 3254 1879 3320 όρμενον
1913 3253 1981 3306 A.
2017 3253 2304 3321 ὸφελέτην
2340 3251 2405 3306 G.
2441 3254 2542 3320 ἠδὲ
2574 3270 2678 3320 φο-

396 3320 596 3386 λέςτην
686 3358 700 3371 .
745 3349 811 3359 -
855 3324 954 3374 275
990 3321 1224 3387 χρόμιόν
1271 3319 1480 3375 CDGL.
1524 3352 1595 3361 —
1639 3325 1738 3376 276
1785 3320 2230 3389 πολυαιμονίδην
2276 3321 2576 3388 ἀμοπάονα
2611 3323 2678 3377 A.

394 3420 693 3500 αμοπάογα
733 3417 837 3474 m}
880 3419 1019 3474 Mor.
1063 3420 1275 3475 Townl.
1329 3422 1631 3487 ἁμοπάονα
1676 3420 1763 3475 OE
1810 3391 2046 3486 ⁷12ssd53
2088 3420 2141 3474 H
2189 3428 2234 3476 1.
2278 3391 2427 3475 ωῖιῖ.
2478 3421 2539 3477 L.
2583 3423 2680 3488 «ιμ’

395 3487 616 3541 ὀπάονα
651 3486 704 3540 H
738 3493 787 3543 2.
823 3503 969 3542 man.
993 3487 1178 3558 Apoll.
1203 3487 1333 3544 Lex.
1364 3496 1474 3555 121,
1511 3496 1595 3545 29.
1631 3489 1684 3543 οί
1719 3489 2038 3556 γράφοντες
2074 3491 2170 3556 ἅμ’
2203 3490 2424 3544 ὀπάονα
2460 3492 2523 3545 ἐν
2560 3493 2680 3545 δυςί

433 3556 460 3608 έ
499 3571 575 3610 εςι
611 3556 784 3626 λόγου
822 3571 848 3610 ς
898 3557 1167 3611 άλλονται
1201 3561 1304 3624 τῆς
1340 3558 1373 3612 ὸ
1410 3558 1655 3625 θότητος
1691 3556 1845 3610 Euat.
1874 3562 1988 3621 712,
2024 3562 2106 3616 54.
2142 3587 2201 3618 1-
2243 3563 2341 3612 277
2378 3558 2558 3612 omitt.
2584 3558 2678 3612 Ac

394 3571 539 3700 ῧᾷΙ,
573 3621 711 3677 Mor.
748 3573 899 3679 HarT.
935 3623 1150 3680 Townl.
1189 3623 1345 3678 Vrat.
1374 3574 1435 3683 ἵ).
1472 3624 1641 3679 Mose.
1682 3631 1726 3679 l.
1802 3625 1924 3677 rim.
1960 3640 2139 3679 mam:
2176 3625 2389 3680 habent
2421 3623 2513 3678 HS
2549 3641 2678 3679 cnm

394 3689 536 3811 glus.
575 3695 780 3812 Xcglksl
811 3692 977 3746 τόνδε
1015 3690 1081 3746 G.
1127 3722 1193 3732 —
1237 3698 1337 3747 279
1373 3693 1489 3748 ἀπὸ
1526 3685 1720 3747 CDEG
1825 3739 1836 3749 .
1885 3693 1999 3747 ἀπο
2033 3692 2099 3747 A.
2135 3695 2345 3762 τρῴων
2378 3691 2440 3748 L.
2476 3722 2541 3732 -
2577 3697 2679 3747 280

424 3774 544 3812 ειπε
782 3798 796 3812 .
824 3797 840 3808 .

529 3944 596 3997 A.
633 3962 686 3999 c.
750 3951 851 4000 270
893 3945 1220 4025 ἀρίςταρχος
1267 3948 1526 4014 βεβλήκοι
1568 3945 1917 4015 Didymus.
1970 3948 2222 4012 ὄλεςςεν,
2269 3945 2414 4000 conf.
2462 3947 2513 4000 Δ
2558 3951 2677 4013 616,

397 4011 436 4066 Ρ
474 4016 590 4078 733,
623 4013 670 4066 Τ
696 4019 813 4079 317,
851 4031 949 4081 qm
971 4014 1082 4068 loci
1106 4014 1439 4079 ostendunt,
1475 4030 1588 4068 non
1614 4031 1755 4083 opus
1785 4030 1903 4067 esse
1929 4013 2110 4068 forma
2142 4014 2408 4068 iterativa
2429 4014 2677 4078 δλεςκεν,

433 4095 564 4134 uam
605 4078 897 4136 Bekkerus
937 4081 1177 4141 induxit.
1223 4112 1281 4121 —
1331 4089 1426 4137 271
1476 4083 1633 4149 πάις,
1681 4081 1824 4135 conf.
1866 4083 1912 4136 Ω
1956 4087 2081 4148 269,
2128 4080 2198 4137 H.
2236 4080 2306 4135 U.
2343 4086 2427 4135 97.
2474 4110 2541 4120 -
2577 4086 2678 4136 276

453 4149 776 4214 ολυαίμονίδ
818 4166 851 4202 ν
888 4151 1211 4215 Ἀμοπάονα
1247 4153 1338 4204 καὶ
1374 4150 1777 4206 Μελάνίππονε
1817 4149 2102 4215 ψιλωτέον
2138 4149 2350 4215 πάντα,
2386 4148 2483 4203 ἵνα
2516 4150 2678 4216 κύρια

391 4217 625 4336 hemum
652 4216 743 4283 (cf.
824 4257 838 4270 .
861 4215 924 4274 Τ.
948 4223 1047 4273 416
1072 4221 1193 4287 sq.).
1229 4219 1611 4287 παραιτητέον
1647 4219 1708 4271 δὲ
1729 4218 1863 4271 τοὺς
1887 4218 2219 4272 διαλύοντας
2241 4219 2311 4272 τὸ
2350 4217 2679 4283 Ἀμοπάονα

441 4284 841 4407 ,οτοᾶίἓιιυι
911 4285 1063 4340 idem
1103 4288 1174 4341 τὸ
1221 4287 1547 4353 Ἀμοπάονα
1593 4286 1656 4339 ἑν
1700 4285 1781 4339 ἑνί
1827 4285 1980 4352 μέρει
2026 4285 2199 4349 λόγου
2252 4286 2675 4350 ἀναγνωςτέον·

393 4369 587 4419 κυριον
621 4370 657 4419 γ
695 4371 745 4421 ρ.

493 4447 684 4488 Homeri
712 4447 842 4489 Iliae.
871 4448 908 4488 1.
2212 4445 2271 4493 15
