3144 5006
448 372 574 436 236
1379 372 1709 429 ΙΛΙΑΔΟ(
1754 372 1815 429 Θ.

621 525 836 591 λύςαθ’
880 526 988 592 ὑπ’
1029 527 1097 595 ἐξ
1141 525 1388 610 ὀχέων,
1433 527 1609 606 παρὰ
1652 526 1724 592 δέ
1769 544 1934 606 ςφιςι
1980 526 2229 607 βάλλετ’
2271 525 2554 606 ἐδωδήν·

451 630 573 692 505
619 626 689 693 ἐκ
734 628 962 695 πόλιος
1006 629 1064 695 δ’
1107 627 1326 696 ἄξεςθε
1370 628 1525 708 βόας
1570 627 1674 693 καὶ
1716 627 1862 707 ἴφια
1905 631 2075 709 μῆλα

619 730 1084 813 καρπαλίμως,
1118 727 1305 796 οἶνον
1349 730 1421 794 δὲ
1465 728 1827 811 μελίφρονα
1870 729 2191 813 οἰνίζεςθε,

620 831 796 897 ςῑτόν
841 831 895 896 τ’
938 832 1008 896 ἐκ
1051 830 1379 915 μεγάρων,
1425 830 1530 897 ἐπὶ
1572 833 1645 896 δὲ
1688 831 1848 896 ξύλα
1891 832 2110 896 πολλὰ
2153 830 2431 913 λέγεςθε,

619 931 711 999 ὥς
754 953 865 998 κεν
908 932 1250 1013 παννύχιοι
1293 933 1478 1014 μέςφ’
1520 932 1679 1011 ἠοῦς
1722 931 2076 1013 ἠριγενείης

622 1035 899 1113 καίωμεν
945 1035 1119 1115 πυρὰ
1162 1034 1418 1118 πολλά,
1465 1036 1650 1101 ςέλας
1696 1035 1752 1100 δ’
1795 1034 1884 1101 εἰς
1928 1035 2218 1116 οὐρανὸν
2258 1033 2383 1118 ἵκῃ,

450 1141 576 1201 510
619 1137 702 1217 μή
746 1156 886 1201 πως
931 1137 1033 1200 καὶ
1076 1132 1181 1201 διὰ
1223 1135 1423 1202 νύκτα
1465 1136 1626 1216 κάρη
1670 1136 2035 1218 κομόωντες
2080 1136 2320 1216 Ἀχαιοὶ

617 1238 884 1317 φεύγειν
930 1237 1331 1318 όρμήςωνται
1376 1229 1476 1302 ἐπ”
1520 1237 1714 1318 εὐρέα
1756 1245 1932 1306 νῶτα
1974 1238 2303 1316 θαλάςςης.

616 1340 697 1418 μὴ
744 1340 870 1419 μὰν
915 1337 1189 1406 ἀςπουδί
1230 1359 1303 1416 γε
1348 1344 1519 1406 νεῶν
1564 1341 1848 1422 ἐπιβαῖεν
1894 1338 2131 1422 ἕκηλοι,

616 1439 760 1505 ἀλλ’
807 1438 896 1522 ὥς
939 1460 1033 1506 τις
1075 1440 1329 1506 τούτων
1372 1460 1446 1516 γε
1492 1442 1682 1521 βέλος
1725 1443 1830 1507 καὶ
1872 1439 2078 1517 οἴκοθι
2122 1442 2337 1525 πέςςῃ,

620 1540 935 1623 βλήμενος
979 1542 1018 1621 ἢ
1065 1541 1142 1626 ἰῷ
1186 1543 1225 1622 ἢ
1272 1541 1445 1622 ἔγχεϊ
1487 1541 1778 1609 ὀξυόεντι

447 1647 569 1706 515
616 1643 774 1721 νηὸς
817 1642 1250 1728 ἑπιθρῲςκων,
1304 1642 1415 1709 ἵνα
1456 1664 1549 1709 τις
1595 1645 1880 1729 ςτιεέῃςι
1924 1644 2027 1710 καὶ
2070 1644 2271 1711 ἄλλος

615 1744 861 1824 Τρωςὶν
906 1745 1013 1826 ἐφ’
1054 1744 1466 1826 ἱπποδάμοιςι
1510 1746 1736 1825 φέρειν
1780 1747 2196 1826 πολύδακρυν
2242 1745 2429 1826 ἄρηα.

614 1847 880 1927 κήρυκες
924 1846 983 1911 δ’
1026 1846 1153 1913 ἀνὰ
1197 1846 1351 1912 ἄςτυ
1395 1847 1664 1929 διίφιλοι
1707 1848 2160 1925 ἀγγελλόντων

616 1951 851 2013 παῖδας
895 1950 1243 2030 πρωθήβας
1287 1950 1856 2032 πολιοκροτάφους
1901 1971 1970 2016 τε
2016 1950 2329 2030 γέροντας

617 2049 906 2115 λέξαςθαι
950 2050 1098 2129 περὶ
1139 2048 1293 2115 ἄςτυ
1339 2053 1711 2131 θεοδμήτων
1756 2051 1862 2116 ἐπὶ
1904 2052 2190 2131 πύργων.

447 2156 573 2217 520
615 2151 956 2232 θηλύτεραι
1001 2152 1072 2216 δὲ
1116 2153 1415 2227 γυναῖκες
1459 2151 1557 2217 ἐνὶ
1600 2153 1962 2233 μεγάροιςιν
2008 2151 2230 2230 ἑκάςτη

612 2257 742 2333 πῦρ
786 2254 949 2334 μέγα
991 2252 1336 2319 καιόντων·
1381 2255 1638 2335 φυλακὴ
1684 2254 1756 2319 δέ
1797 2273 1892 2319 τις
1936 2253 2211 2333 ἔμπεδος
2255 2253 2435 2335 ἔςτω,

614 2356 695 2434 μὴ
744 2355 941 2433 λόχος
985 2353 1288 2439 εἰςέλθῃςι
1330 2355 1525 2439 πόλιν
1571 2358 1747 2421 λαῶν
1792 2353 2152 2421 ἀπεόντων.

612 2456 725 2523 ὧδ’
771 2454 929 2522 ἔςτω
975 2456 1194 2537 Τρῶες
1237 2458 1689 2542 μεγαλήτορες,
1734 2456 1825 2525 ὡς
1869 2455 2195 2538 ἀγορεύω·

613 2563 811 2639 μῦθος
855 2559 933 2640 δ’,
982 2560 1056 2626 ὃς
1100 2559 1216 2638 μὲν
1260 2563 1380 2626 νῦν
1426 2560 1639 2643 ὑγιής,
1684 2561 2013 2640 εἰρημένος
2059 2559 2248 2624 ἔςτω·

445 2664 566 2723 525
611 2660 730 2726 τὸν
776 2660 832 2725 δ’
875 2660 1032 2740 ἠοῦς
1077 2660 1352 2740 Τρώεςςι
1397 2661 1531 2743 μεθ’
1575 2662 1965 2743 ἱπποδάμοις
2010 2662 2359 2741 ἀγορεύςω.

575 2862 642 2921 V.
681 2881 726 2918 τ..
787 2869 888 2917 504
923 2864 1147 2918 λύςαςθ’
1180 2862 1393 2918 Townl.
1431 2866 1529 2919 ὑπ’
1564 2865 1621 2918 ἐξ
1659 2861 1921 2918 CDEGH.
1957 2864 2013 2918 ἐξ
2050 2862 2108 2916 L.
2145 2865 2244 2917 ὑπ’
2279 2865 2523 2929 ἐξοχὲων
2557 2865 2622 2918 A.
2662 2897 2726 2906 -

442 2937 542 2998 505
578 2933 807 2986 πόλεως
844 2929 894 2985 G
928 2930 1157 2986 Barocc.
1194 2933 1386 2987 ἄξεςθε
1413 2932 1481 2984 L:
1520 2933 1719 2987 ἄξαςθε
1743 2930 1989 2987 ACDEH
2025 2930 2207 2986 Schol.
2246 2933 2285 2986 Κ
2314 2938 2428 2987 167.
2465 2935 2633 2988 ἄξατε
2659 2934 2726 2990 G.

443 3033 509 3073 -·-
545 3037 644 3087 507
681 3039 835 3087 (ῑτον
870 3034 921 3088 δ’
955 3032 1003 3086 D
1041 3030 1221 3088 Schol.
1263 3035 1302 3088 κ
1343 3039 1455 3098 167,
1501 3050 1518 3085 ι
1560 3036 1668 3090 166.
1715 3033 1805 3087 em
1840 3034 1903 3086 A.
1940 3062 2005 3071 -
2041 3038 2140 3087 509
2175 3010 2305 3099 ἢκξέιι
2342 3031 2399 3087 ο.
2435 3034 2544 3089 ἵκει
2579 3033 2725 3104 Lips.

440 3104 551 3170 ἥκῃ
590 3099 772 3159 Schol.
813 3102 851 3155 Κ
889 3106 1006 3154 418.
1053 3132 1118 3142 -
1163 3107 1263 3155 510
1299 3102 1440 3168 κάρη
1489 3100 1816 3165 κομόωντες
1852 3099 1981 3152 AH:
2018 3099 2194 3154 ceteri
2238 3104 2726 3169 καρηκομόωντες.

441 3197 506 3206 —-
543 3174 639 3222 511
689 3169 1047 3235 όρμήςωνται
1093 3166 1406 3223 ACDEGL:
1452 3168 1791 3287 όρμίὲςονται
1837 3166 1874 3220 S
1920 3166 2081 3222 Cant.
2119 3167 2259 3223 Mor.
2305 3170 2622 3236 όρμήςωςϊν
2657 3170 2723 3225 Η.

440 3265 509 3276 --
543 3241 641 3289 512
677 3236 943 3290 ἀςπουδεί
977 3236 1232 3290 Ambroe.
1261 3234 1400 3290 CDE
1425 3235 1511 3288 bis
1535 3233 1578 3286 L
1642 3235 1825 3303 Apoll.
1851 3235 1983 3289 Lex.
2008 3241 2093 3300 45,
2118 3242 2200 3290 20.
2237 3237 2488 3305 ἀςπουδῇ
2527 3236 2725 3291 Suidas

438 3302 485 3369 1,
526 3308 570 3369 1,
605 3307 723 3367 803,
760 3308 809 3357 9.
856 3305 945 3357 ἐπι
993 3306 1147 3369 βαῑεν
1182 3306 1247 3357 Α.
1292 3339 1358 3349 -
1402 3309 1504 3358 513
1546 3302 1776 3356 τούτων
1819 3320 1909 3369 γεε
1947 3304 2181 3358 τούτων
2226 3321 2288 3359 τε
2326 3302 2505 3362 Cram.
2541 3305 2722 3374 Epim.

438 3408 555 3470 448,
594 3410 660 3458 33
707 3405 767 3457 et·
809 3403 991 3459 οἴκοθι
1037 3407 1258 3470 πέμπει.
1294 3404 1551 3460 ΠΕΕΕΗΙ
1597 3403 1853 3458 Ambros.
1898 3407 2067 3474 παίςη
2105 3405 2165 3459 L.
2212 3389 2401 3473 πέςςῆι
2437 3406 2501 3459 A.
2540 3407 2724 3461 πὲςςοι

440 3470 624 3525 Schol.
671 3473 720 3526 Ξ
765 3478 880 3526 439.
928 3502 991 3512 -
1037 3479 1137 3527 515
1183 3477 1342 3539 νηῶν
1378 3472 1446 3530 Η.
1494 3474 1865 3540 ἑπιθρώςκων
1909 3473 1957 3526 A
1994 3474 2186 3527 Ambr.
2224 3472 2442 3527 DEGH.
2480 3490 2568 3540 γρ.
2607 3475 2723 3527 ἑπι-

440 3540 715 3607 θρώςκων
751 3539 793 3593 C
829 3555 977 3592 man.
1012 3557 1122 3598 rec.
1170 3540 1563 3607 ἀποθρώςκων
1600 3540 1686 3595 CL
1722 3539 1879 3595 Cant.
1924 3558 2012 3609 γρ.
2231 3542 2619 3607 ἀποθρώςκων
2653 3541 2717 3593 A.

439 3608 555 3662 ἀπὸ
591 3611 624 3661 θ
662 3608 864 3661 ώςκων
900 3606 954 3660 S.
997 3608 1091 3662 ἵνά
1128 3606 1189 3666 L,
1234 3609 1331 3663 ἵνα
1375 3612 1459 3662 τῖς
1505 3607 1563 3663 C.
1609 3638 1676 3647 —
1721 3615 1820 3664 516
1863 3559 2172 3676 τρψςίἷηῐι.
2208 3638 2274 3648 -
2310 3615 2408 3663 517
2454 3608 2528 3662 διῖ
2570 3608 2724 3675 φίλοι

396 3708 410 3722 ·
439 3672 585 3730 AOD
636 3674 785 3729 GHL
821 3674 1001 3729 Cram.
1038 3675 1219 3745 Epim.
1257 3682 1374 3742 397,
1412 3682 1495 3731 33.
1531 3705 1597 3714 —-
1633 3682 1733 3731 518
1769 3678 2108 3744 πρωθήβους
2143 3674 2196 3728 Η
2220 3675 2413 3730 Zonar.
2438 3674 2568 3730 Lex.
2606 3680 2723 3728 426.

440 3744 615 3798 ceteri
651 3744 956 3811 πρωθήβας
992 3760 1120 3798 cum
1156 3743 1243 3798 Et.
1279 3742 1393 3814 Mg.
1433 3749 1549 3809 228,
1591 3751 1668 3797 11.
1721 3745 2207 3811 πολιοκροτάφους
2242 3743 2308 3796 A.
2358 3773 2419 3783 —-
2457 3749 2557 3797 519
2594 3746 2723 3810 περὶ

441 3836 631 3889 Ambr.
671 3835 1019 3895 CDEGHLS.
1067 3854 1235 3906 προτι
1268 3836 1318 3889 Α
1356 3837 1415 3890 et
1456 3854 1543 3904 γρ.
1581 3840 1709 3903 περὶ
1747 3839 1900 3894 ἄςτυ.
1940 3867 2004 3875 -
2049 3842 2150 3892 520
2186 3837 2628 3905 ἐνίμμεγαροιςῖν
2664 3835 2722 3890 C.

441 3907 524 3958 ἐνι
559 3907 625 3958 A.
671 3934 734 3944 -
781 3911 881 3959 523
925 3911 1108 3974 τρῷες
1152 3904 1212 3958 L.
1261 3935 1326 3943 —
1373 3911 1472 3959 524
1508 3908 1689 3969 μῦθον
1726 3903 1773 3957 G
1818 3920 1887 3959 ex
1930 3920 2069 3958 corr.
2123 3905 2212 3958 Bc:
2252 3905 2330 3959 ὡς
2376 3903 2432 3958 L.
2479 3910 2585 3958 νῦν
2621 3906 2723 3972 μὲν

440 3972 598 4026 Vrat.
634 3971 689 4027 b.
726 3974 785 4027 et
818 3972 877 4025 in
914 3988 1090 4043 marg.
1126 3990 1213 4040 γρ.
1253 3973 1352 4039 μὲν
1389 3977 1508 4026 νῦν.
1546 4001 1613 4010 -
1648 3978 1748 4026 525
1783 3975 2014 4041 τρῴεςςι
2050 3970 2108 4030 L.
2146 3973 2403 4039 ἀγορεύω
2442 3971 2505 4026 G.

576 4159 642 4212 A.
681 4176 729 4211 c.
782 4165 882 4214 513
927 4161 1181 4213 τούτωνε
1226 4158 1614 4226 Παρμενίςκος
1661 4159 1724 4212 ἐν
1767 4163 1852 4226 τῷ
1887 4152 1939 4211 α’
1976 4159 2117 4225 πρὸς
2165 4159 2425 4227 Κράτητα
2467 4161 2547 4215 ὡς
2586 4161 2724 4229 Ἀρι-

440 4224 728 4291 ςτάρχειον
763 4229 993 4305 γραφὴν
1030 4228 1374 4295 προφέρεται
1410 4227 1665 4281 κείνων
1689 4224 2029 4293 Didymus,
2069 4228 2266 4294 πέςςῃι
2305 4229 2363 4281 αἱ
2400 4229 2724 4296 Ἀριςτοφά·

442 4307 572 4345 νους
608 4294 795 4348 πέςςοι
819 4292 1166 4362 D1dymus.
1204 4324 1269 4334 -
1305 4301 1421 4360 524,
1459 4300 1557 4349 525
1581 4294 1919 4349 ἀθετοῦνται
1942 4295 2047 4349 δύο
2071 4295 2244 4362 ςτίχοι
2268 4295 2720 4350 Aristonicus,
