3144 5006
463 401 591 465 240
1404 404 1738 459 ΙΛΙΑΔΟ(
1797 404 1860 464 Υ.

633 556 950 637 Πηλείδης
997 558 1068 622 δὲ
1114 556 1307 623 ςάκος
1352 558 1467 637 μὲν
1514 557 1649 623 ἀπὸ
1698 557 1771 624 ἕο
1817 557 1977 638 χειρὶ
2021 560 2252 645 παχείῃ

641 657 862 737 ἔςχετο
907 660 1250 740 ταρβήςας·
1297 660 1472 740 φάτο
1517 661 1644 739 γὰρ
1690 661 2094 741 δολιχόςκιον
2139 662 2330 743 ἔγχος

640 759 755 840 ῥέα
800 762 1219 827 διελεύςεςθαι
1264 762 1706 841 μεγαλήτορος
1750 762 2037 841 Αἰνείαο,

652 863 917 946 νήπιος,
963 862 1105 928 οὐδ’
1150 863 1370 942 ἐνόηςε
1416 864 1578 927 κατὰ
1623 863 1833 944 φρένα
1876 865 1979 929 καὶ
2022 864 2182 930 κατὰ
2224 864 2460 950 θυμόν,

474 968 596 1026 265
644 963 734 1027 ὡς
780 964 859 1028 οὐ
908 964 1092 1044 onio?
1138 964 1265 1030 ἐςτὶ
1307 969 1477 1029 θεῶν
1524 965 1819 1044 ἐρικυδέα
1862 968 2044 1044 δῶρα

655 1065 920 1146 ἀνδράςι
959 1087 1034 1143 γε
1080 1069 1355 1145 θνητοῑςι
1400 1066 1752 1146 δαμήμεναι
1798 1066 1938 1132 οὐδ’
1982 1067 2320 1133 ὑποείκειν.

653 1167 807 1233 οὐδὲ
850 1168 985 1246 τότ’
1026 1168 1279 1233 Αἰνείαο
1324 1170 1686 1249 δαΐφρονος
1729 1167 1998 1250 ὄβριμον
2044 1170 2236 1249 ἔγχος

647 1269 793 1348 ῥῆξε
844 1270 1062 1335 ςάκος·
1106 1270 1340 1350 χρυςὸς
1382 1269 1508 1349 γὰρ
1555 1269 1852 1351 ἐρύκακε,
1901 1274 2082 1351 δῶρα
2126 1274 2337 1336 θεοῖο·

648 1371 813 1436 ἀλλὰ
857 1371 992 1437 δύω
1036 1372 1148 1450 μὲν
1196 1371 1417 1437 ἔλαςςε
1461 1371 1565 1436 διὰ
1609 1373 1881 1452 πτύχας,
1930 1374 1995 1438 αἳ
2041 1373 2098 1437 δ’
2141 1372 2242 1453 ἄρ’
2288 1373 2378 1436 ἔτι
2423 1379 2591 1454 τρεῖς

464 1479 598 1537 270
641 1473 839 1556 ἧςαν,
883 1473 1024 1539 ἐπεὶ
1067 1474 1259 1540 πέντε
1303 1474 1549 1552 πτύχας
1594 1473 1787 1551 ἤλαςε
1832 1474 2314 1557 κυλλοποδίων,

646 1576 759 1639 τὰς
805 1575 926 1640 δύο
970 1576 1293 1654 χαλκείας,
1340 1576 1461 1641 δύο
1507 1575 1564 1640 δ’
1606 1574 1826 1641 ἔνδοθι
1869 1576 2290 1660 καςςιτέροιο,

636 1678 755 1757 τὴν
799 1679 871 1742 δὲ
916 1677 1062 1757 μίαν
1108 1678 1411 1757 χρυςέην·
1454 1683 1530 1760 τῇ
1579 1677 1636 1756 ῥ’
1680 1676 1900 1756 ἔςχετο
1945 1679 2228 1756 μείλινον
2275 1678 2482 1758 ἔγχος.

812 1780 1113 1859 δεύτερος
1156 1778 1294 1845 αὖτ’
1337 1779 1619 1858 Ἀχιλεὺς
1662 1780 1874 1858 προΐει
1907 1779 2321 1860 δολιχόςκιον
2365 1779 2586 1859 ἔγχος,

634 1880 734 1946 καί
780 1881 975 1962 βάλεν
1019 1881 1273 1947 Αἰνείαο
1318 1881 1451 1945 κατ’
1497 1879 1731 1945 ἀςπίδα
1772 1881 2040 1947 πάντος’
2082 1880 2280 1961 ἐίςην,

469 1988 591 2045 275
637 1980 857 2060 ἄντυγ’
902 1982 1039 2048 ὕπο
1075 1984 1371 2065 πρώτην,
1418 1983 1456 2067 ᾗ
1503 1982 1893 2046 λεπτότατος
1938 1982 2042 2047 θέε
2087 1984 2354 2066 χαλκός,

634 2085 988 2166 λεπτοτάτη
1034 2086 1090 2151 δ’
1134 2085 1330 2163 ἐπέην
1376 2083 1554 2164 ῥινὸς
1601 2082 1784 2164 βοός’
1828 2084 1865 2161 ἢ
1914 2086 1986 2148 δὲ
2033 2084 2139 2148 διὰ
2180 2083 2311 2164 πρὸ

638 2186 884 2267 Πηλιὰς
927 2186 1099 2266 ἤιξεν
1144 2187 1349 2267 μελίη,
1398 2186 1549 2251 λάκε
1598 2186 1654 2250 δ’
1696 2185 1883 2251 ἀςπὶς
1928 2184 2036 2250 ὑπ’
2079 2185 2292 2264 αὐτῆς.

638 2286 883 2354 Αἰνείας
930 2289 986 2354 δ’
1031 2288 1185 2369 ἐάλη
1229 2289 1329 2353 καὶ
1373 2287 1505 2353 ἀπὸ
1552 2289 1698 2355 ἕθεν
1744 2286 1952 2353 ἀςπίδ’
1997 2285 2224 2367 ἀνέςχε

637 2392 875 2457 δείςας·
923 2390 1137 2471 ἐγχείη
1182 2391 1242 2455 δ’
1284 2390 1386 2470 ἄρ’
1430 2390 1593 2470 ὑπὲρ
1638 2391 1855 2455 νώτου
1900 2389 1997 2453 ἐνὶ
2038 2389 2186 2473 γαίῃ

470 2498 595 2558 280
639 2491 781 2573 ἔςτη
826 2492 1067 2574 ιεμένη,
1114 2494 1221 2558 διὰ
1262 2493 1320 2557 δ’
1363 2491 1774 2577 ἀμφοτέρους
1820 2492 1926 2558 ἕλε
1969 2491 2243 2556 κύκλους

598 2626 666 2682 V.
703 2646 758 2684 1..
832 2633 927 2681 261
968 2630 1238 2697 πηλείδης
1274 2630 1375 2695 μὲν
1411 2629 1577 2684 ςάκος
1614 2630 1730 2683 ἀπὸ
1768 2629 1829 2681 ἕο
1864 2626 1930 2683 D.
1968 2658 2032 2666 —
2072 2633 2170 2682 262
2206 2628 2555 2695 δολιχόςκιον
2588 2628 2655 2683 Α.
2691 2657 2756 2668 —-

461 2734 561 2784 263
614 2733 737 2797 ῥεῖα
781 2731 833 2784 δ’
877 2730 1192 2785 ἐλεύςεςθαι
1237 2727 1506 2788 ACDGH.
1562 2733 1688 2797 ῥεια
1732 2731 2104 2787 διελεύςεςθαι
2151 2728 2188 2783 S
2232 2696 2449 2788 Townl
2496 2729 2677 2784 Schol.
2713 2730 2757 2783 Λ

461 2803 578 2852 439.
616 2799 717 2865 ρέα
754 2799 825 2852 δι’
871 2799 1183 2854 ἐλεύςεςθαι
1220 2796 1374 2876 Lips.
1420 2800 1521 2865 ῥέα
1556 2800 1927 2854 διελεύςεςθαι
1965 2798 2023 2855 L.
2071 2828 2137 2837 -—
2182 2804 2283 2851 264
2318 2800 2650 2867 καταφρένα
2685 2796 2756 2852 D.

464 2896 528 2905 —
565 2872 663 2920 267
710 2868 817 2934 ὀμβ
854 2883 872 2919 ι
876 2884 981 2931 μον
1029 2865 1168 2921 CHL
1212 2864 1317 2936 Lip
1320 2883 1365 2918 ε.
1416 2897 1484 2906 —
1537 2872 1638 2921 269
1684 2869 1783 2922 δύο
1828 2866 1873 2919 Ε
1919 2867 2006 2921 bis
2042 2865 2079 2920 S
2115 2865 2262 2952 Lips.
2320 2865 2507 2920 Schol.
2547 2870 2594 2921 Φ
2639 2871 2755 2925 166.

470 2933 649 2988 Cram.
688 2935 794 2987 An.
869 2950 947 2988 ar.
985 2934 1078 2994 111.
1107 2940 1191 3002 26,
1229 2883 1317 2989 35P.
1350 2936 1510 2989 ἔλαςε
1546 2934 1593 2987 Ε
1633 2933 1787 2994 Vrat
1813 2937 1876 2988 A.
1915 2938 2005 2990 δια
2027 2933 2148 2991 AH.
2185 2933 2316 2988 αἵδ’
2338 2932 2405 2997 Ι),
2441 2935 2551 2988 att>
2585 2932 2754 2987 CGH.

467 3005 537 3070 ἂρ
572 3001 791 3058 ADEG.
829 3002 891 3057 αἳ
922 3004 1027 3071 γὰρ
1064 3001 1123 3056 L.
1160 3003 1312 3062 τινὲς
1348 3007 1623 3071 γράφουςι
1657 3005 1759 3057 δύο
1796 3005 1897 3069 μὲν
1942 3003 2109 3057 θλάςε
2147 3002 2274 3066 (sie)
2309 3001 2467 3057 Euat.
2508 3007 2668 3067 1208,
2705 3008 2755 3058 9.

460 3101 527 3109 —-
565 3077 668 3124 270
702 3071 798 3125 ἐπὶ
835 3070 901 3128 G.
937 3100 1002 3110 -
1039 3077 1137 3124 272
1210 3075 1382 3138 ρυςῆν
1417 3068 1763 3125 ACDEGHL
1799 3071 1982 3125 Schol.
2020 3074 2071 3124 Δ
2112 3075 2226 3123 138.
2263 3070 2314 3124 Υ
2348 3075 2468 3124 271.
2522 3072 2757 3137 χρυςὲην

464 3137 678 3207 Heyne.
717 3140 966 3205 μείλινον
1001 3138 1142 3194 ACE
1234 3138 1388 3193 Vrat.
1433 3142 1504 3197 A.
1547 3139 1718 3192 Mose.
1756 3145 1804 3193 2.
1839 3139 2000 3193 Rom.
2044 3136 2391 3206 Porphyrius
2435 3137 2506 3192 ad
2553 3140 2600 3191 Υ
2635 3144 2754 3193 271.

463 3209 708 3274 χάλκεον
745 3204 893 3261 DGL
928 3222 1055 3260 oum
1092 3207 1232 3261 aliis.
1273 3206 1605 3261 Aristoteles
1639 3205 1797 3261 Pofflz.
1833 3213 1916 3261 26.
1965 3236 2028 3247 -
2078 3211 2178 3260 273
2214 3205 2249 3258 ἀ
2254 3207 2473 3271 χιλλεὺς
2509 3204 2559 3260 D
2596 3205 2756 3260 Rom.

464 3276 812 3340 δολιχόςκιον
865 3275 931 3331 A.
977 3303 1045 3313 —
1087 3281 1189 3329 274
1232 3276 1477 3330 πάντοςε
1521 3276 1649 3344 ἴςην
1694 3273 1929 3328 DEGLS
1973 3273 2122 3343 Lips.
2169 3222 2325 3327 Vrat.
2373 3273 2440 3326 A.
2488 3275 2753 3340 πάντοςε,

461 3379 592 3445 ῖςην
617 3378 682 3434 A.
708 3405 773 3416 -—
811 3381 911 3430 276
948 3377 1063 3430 ὑπὸ
1101 3363 1559 3432 CDEGHL.1‘mo
1583 3378 1650 3430 A.
1676 3407 1741 3417 -
1778 3381 1879 3430 276
1914 3377 1950 3443 ἣ
1988 3377 2051 3431 δὲ
2075 3374 2184 3431 OG.
2221 3377 2311 3428 διὰ
2346 3374 2460 3443 πρὸ
2499 3374 2545 3428 G
2573 3373 2757 3433 Schol.

466 3447 521 3498 Π
560 3449 676 3498 669.
713 3446 763 3499 Υ
800 3449 917 3502 323.
955 3444 1127 3514 vulgo
1164 3447 1391 3512 διαπρὸ,
1427 3444 1511 3499 ita
1544 3444 1836 3499 ACDEHL
1873 3444 2033 3498 Rom.
2078 3472 2144 3483 —-
2189 3448 2287 3496 277
2323 3445 2443 3509 ἤϊξε
2480 3441 2674 3496 DEGL
2711 3449 2758 3502 1.

467 3503 615 3567 man.
652 3511 802 3582 Lips.
834 3509 988 3570 Flor.
1040 3543 1102 3553 —
1152 3518 1254 3567 278
1291 3514 1426 3581 ἐάλη
1462 3512 1524 3570 L.
1560 3513 1704 3567 ἀπὸ.
1749 3514 1863 3567 ὑπὸ
1898 3511 2076 3567 Bekk.
2112 3509 2324 3564 Anecd.
2366 3516 2515 3565 1146.
2562 3512 2757 3578 ἀνέςχε

461 3605 717 3662 ACEGL.
735 3637 801 3646 —
822 3612 922 3662 279
948 3608 1017 3677 ἂρ
1037 3604 1398 3663 ACDEGHL.
1425 3607 1570 3675 ὑπερ
1596 3607 1664 3660 A.
1710 3607 1793 3661 ἐνι
1816 3605 1937 3661 AD.
1959 3637 2024 3647 —
2049 3613 2149 3662 280
2171 3608 2367 3676 ῑεμένη
2392 3602 2459 3657 D.
2484 3606 2575 3659 δια
2599 3602 2754 3659 CDL.

595 3746 664 3799 A.
699 3763 744 3803 c.
816 3750 913 3799 261
961 3747 1048 3799 ἕοε
1097 3746 1184 3799 ὅτι
1228 3745 1532 3813 Ζηνόδοτος
1580 3745 1785 3811 γράφει
1829 3744 1943 3799 ἀπὸ
1991 3744 2059 3799 οὗ
2095 3742 2566 3809 Aristonicus,
2602 3739 2754 3795 conf.

461 3813 647 3884 Apoll.
686 3814 757 3867 de
791 3813 957 3868 Pron.
996 3819 1060 3868 97
1093 3763 2094 3880 A.denSynt.163,10.164,3.—
2140 3818 2239 3867 263
2276 3813 2543 3879 ἀρίςταρχ
2544 3826 2607 3865 ος
2643 3811 2753 3863 ἔξω

459 3888 564 3937 τοῦ
599 3888 635 3938 ῖ
670 3884 772 3950 ῥέα
808 3880 985 3950 Didy
997 3898 1166 3943 mus.
1205 3883 1346 3937 conf.
1391 3882 1431 3933 Ν
1476 3885 1589 3933 144.
1626 3916 1689 3924 -
1727 3885 1826 3934 266
1861 3883 2018 3949 δῶρα
2029 3882 2155 3936 ·ἔν
2197 3896 2339 3934 τιςιν
2384 3881 2412 3933 ἐ
2449 3894 2522 3944 γα
2568 3877 2752 3934 Schol.

460 3952 527 4007 A
568 3982 634 3991 —-
670 3956 770 4005 269
805 3951 925 4003 δύω
964 3952 1066 4017 μὲν
1103 3950 1299 4006 θλάςςε
1347 3947 1714 4002 Autochthon
1763 3951 2165 4029 grammatacus
2209 3948 2354 4003 teste
2429 3947 2555 4000 nst.
2604 3950 2755 4011 1207,

457 4026 543 4075 49.
581 4050 642 4059 -
680 4023 950 4072 269-272
976 4019 1311 4073 ἀθετοῦνται
1336 4017 1510 4083 ςτίχοι
1535 4017 1794 4084 τέςςαρες
1830 4016 2290 4072 Aristonicus.
2327 4018 2756 4084 προηθετοῠντο

580 4086 797 4141 ἐνίοις
833 4091 956 4139 τῶν
992 4092 1293 4153 ςοφιςτῶν.
1344 4086 1408 4139 ἐν
1445 4085 1611 4139 ἐνίοις
1656 4087 1718 4138 δὲ
1763 4085 1895 4138 οὐδὲ
1941 4087 2220 4152 ἐφέροντο
2268 4082 2453 4138 Schol.
2495 4081 2562 4137 V.
2609 4083 2755 4135 conf.

465 4155 533 4208 So
576 4155 647 4214 ol
703 4156 752 4207 Φ
794 4160 907 4208 166.
962 4160 1077 4208 694.
1133 4185 1199 4194 -
1252 4159 1353 4208 273
1407 4154 1736 4221 Ζηνόδοτος
1792 4154 2063 4222 μετεποίη
2068 4171 2160 4208 ςεν
2214 4154 2501 4218 ..Ἀχιλεὺς
2555 4152 2755 4217 μελίην

458 4223 777 4278 ἰθυπτίωνα
803 4222 1005 4276 ἀςπίδα
1040 4225 1159 4278 νύξ’
1194 4223 1253 4277 ἐς
1277 4224 1490 4288 χαλκὸν
1527 4223 1813 4287 ἀμύμονος
1848 4172 2071 4276 Αἰνείαο
2107 4196 2568 4285 Aristonicum
2606 4221 2751 4273 conf.

462 4291 645 4348 Schol.
697 4290 911 4346 Townl.
961 4291 1111 4359 apud
1158 4290 1340 4345 Cram.
1388 4292 1491 4344 An.
1538 4289 1664 4347 Par
1710 4288 1813 4349 111.
1852 4294 1970 4355 291,
2009 4296 2072 4342 14
2124 4291 2451 4357 Ζηνόδοτος
2487 4289 2755 4353 δεύτερον

461 4360 586 4414 αὖτ’
625 4362 875 4429 Ἀχιλεὺς
911 4362 1110 4431 μελίην
1146 4363 1445 4418 ἰθυπτίονα
1480 4361 1678 4413 ἔπειτα
1708 4360 1844 4414 ,νύξε
1881 4362 2094 4427 χαλκὸν
2131 4361 2417 4429 ἀμύμονος
2455 4359 2698 4416 Αἰνείαο
