3144 5006
1215 411 1552 466 ΙΛΙΑΔΟ(
1614 408 1818 464 XVIII.
2528 406 2649 472 187

541 568 757 649 ὀρθῶν
803 567 858 632 δ’
904 566 1224 632 ἑςταότων
1269 564 1475 644 ἀγορὴ
1519 565 1745 648 γένετ’,
1793 565 1949 645 οὐδέ
1992 585 2085 629 τις
2130 565 2280 644 ἔτλη

538 670 805 736 ἕζεςθαι·
849 669 1096 734 πάντας
1138 668 1263 745 γὰρ
1307 667 1416 746 ἔχε
1459 666 1729 749 τρόμος,
1776 666 1986 732 οὕνεκ’
2030 666 2351 746 Ἀχιλλεὺς

538 771 854 854 ἐξεφάνη,
900 771 1100 850 δηρὸν
1145 771 1217 836 δὲ
1261 769 1461 848 μάχης
1506 768 1812 833 ἐπέπαυτ’
1855 768 2201 845 ἀλεγεινῆς.

536 876 698 938 τοῖςι
744 874 815 937 δὲ
857 872 1291 952 Πουλυδάμας
1335 871 1743 948 πεπνυμένος
1787 870 1927 950 ἦρχ’
1974 869 2309 949 ἀγορεύειν

377 981 504 1041 250
545 976 940 1054 Πανθοίδης·
985 976 1024 1039 ὃ
1068 975 1191 1053 γὰρ
1237 972 1381 1039 οἶος
1425 973 1549 1052 ὅρα
1594 973 1848 1052 πρόςςω
1894 973 1995 1037 καὶ
2040 970 2296 1036 ὀπίςςω.

541 1078 789 1156 Ἕκτορι
836 1078 893 1142 δ’
935 1077 1048 1156 ἦεν
1095 1076 1378 1159 ἑταῖρος,
1423 1075 1483 1158 ἰῇ
1529 1077 1587 1139 δ’
1632 1076 1703 1139 ἐν
1750 1076 1928 1140 νυκτὶ
1970 1074 2278 1150 γένοντο·

542 1178 687 1242 ἀλλ’
732 1179 769 1242 ὃ
815 1181 930 1260 μὲν
975 1180 1056 1258 ἂρ
1101 1179 1423 1260 μύθοιςιν,
1470 1179 1507 1242 ὃ
1553 1178 1612 1242 δ’
1656 1177 1831 1256 ἔγχεϊ
1873 1177 2126 1241 πολλὸν
2173 1176 2374 1240 ἐνίκα·

542 1280 580 1346 ὅ
629 1301 778 1362 ςφιν
825 1281 896 1345 ἐὺ
942 1281 1250 1361 φρονέων
1298 1279 1661 1360 ἀγορήςατο
1707 1280 1807 1343 καὶ
1852 1278 2207 1358 μετέειπεν·

718 1383 880 1465 ἀμφὶ
923 1384 1092 1463 μάλα
1136 1383 1449 1462 φράζεςθε
1495 1382 1706 1461 φίλοι·
1751 1382 2015 1460 κέλομαι
2059 1381 2185 1459 γὰρ
2230 1379 2357 1456 ἐγώ
2403 1398 2476 1455 γε

373 1490 496 1548 255
543 1484 696 1550 ἄςτυ
740 1488 812 1551 δὲ
856 1490 973 1551 νῦν
1019 1484 1209 1568 ἰέναι,
1254 1486 1335 1563 μὴ
1383 1482 1628 1564 μίμνειν
1672 1484 1769 1561 ἠῶ
1814 1487 1959 1548 δῖαν

540 1587 611 1653 ἐν
658 1588 858 1672 πεδίῳ
903 1589 1077 1666 παρὰ
1122 1586 1370 1666 νηυςίν·
1418 1587 1565 1651 ἑκὰς
1610 1587 1667 1649 δ’
1711 1585 1842 1651 ἀπὸ
1887 1585 2129 1664 τείχεός
2174 1584 2364 1663 εἰμεν.

543 1688 722 1769 ὄφρα
765 1692 881 1769 μὲν
928 1687 1123 1754 οὗτος
1168 1689 1332 1767 ἀνὴρ
1376 1689 1798 1769 Ἀγαμέμνονι
1843 1687 2023 1767 μήνιε
2070 1686 2213 1769 δίῳ,

542 1792 758 1872 τόφρα
801 1793 872 1856 δὲ
918 1791 1195 1871 ῥηίτεροι
1241 1789 1602 1867 πολεμίζειν
1646 1789 1804 1868 ἦςαν
1851 1789 2116 1870 Ἀχαιοί·

545 1895 881 1973 χαίρεςκον
924 1895 1049 1972 γὰρ
1094 1893 1223 1969 ἐγώ
1269 1911 1340 1968 γε
1386 1897 1542 1974 θοῇς
1588 1892 1695 1956 ἐπὶ
1738 1894 1957 1970 νηυςὶν
2005 1890 2240 1972 ἰαύων,

375 1999 501 2059 260
545 1995 902 2074 ἐλπόμενος
945 1999 1104 2073 νῆας
1148 1994 1481 2074 αἱρηςέμεν
1526 1993 1954 2075 ἀμφιελίςςας.

543 2102 661 2163 νῦν
707 2097 764 2162 δ’
809 2097 1004 2164 αἰνῶς
1048 2099 1343 2163 δείδοικα
1373 2099 1679 2161 ποδώκεα
1722 2097 2100 2175 Πηλείωνα·

550 2198 690 2264 οἷος
735 2199 951 2265 κείνου
997 2200 1195 2276 θυμὸς
1241 2198 1575 2279 ὑπέρβιος,
1625 2198 1743 2264 οὐκ
1788 2199 2067 2277 ἐθελήεει

547 2301 791 2381 μίμνειν
839 2300 909 2366 ἐν
955 2300 1189 2385 πεδίῳ,
1235 2300 1337 2365 ὅθι
1379 2321 1500 2380 περ
1545 2302 1762 2380 Τρῶες
1807 2301 1907 2365 καὶ
1952 2299 2189 2378 Ἀχαιοὶ

546 2402 617 2467 ἐν
662 2403 830 2487 μέςῳ
878 2403 1235 2484 ἀμφότεροι
1279 2405 1474 2482 μένος
1518 2402 1718 2483 ἄρηος
1764 2403 2129 2484 δατέονται,

377 2510 497 2568 265
544 2505 711 2570 ἀλλὰ
754 2508 903 2585 περὶ
945 2505 1209 2570 πτόλιός
1253 2525 1320 2571 τε
1365 2508 1705 2586 μαχήςεται
1746 2506 1861 2585 ἠδὲ
1906 2512 2245 2582 γυναικῶν.

542 2607 684 2671 ἀλλ’
726 2607 908 2686 ἴομεν
953 2610 1147 2688 προτὶ
1190 2609 1371 2686 ἄςτυ,
1417 2609 1671 2674 πίθεςθέ
1715 2628 1849 2689 μοι·
1895 2607 2022 2673 ὧδε
2065 2609 2190 2687 γὰρ
2235 2608 2426 2673 ἔςται.

545 2715 662 2774 νῦν
707 2711 822 2789 μὲν
868 2711 982 2776 νὺξ
1027 2709 1355 2775 ἀπέπαυςε
1401 2712 1707 2776 ποδώκεα
1748 2712 2094 2791 Πηλεΐωνα

545 2810 875 2892 ἀμβροςίη’
924 2812 979 2878 εἰ
1024 2812 1081 2876 δ’
1125 2811 1286 2891 ἄμμε
1332 2813 1643 2891 κιχήςεται
1687 2813 1902 2879 ἐνθάδ’
1947 2814 2172 2878 ἐόντας

546 2911 771 2991 αὔριον
818 2913 1109 2994 ὁρμηθεὶς
1155 2915 1268 2979 ςὺν
1313 2914 1632 2998 τεύχεςιν,
1679 2914 1750 2980 εὖ
1796 2916 1874 2980 νύ
1920 2936 2011 2980 τις
2055 2915 2254 2980 αὐτὸν

377 3019 502 3077 270
543 3014 885 3090 γνώςεται·
933 3014 1251 3081 ἀςπαςίως
1294 3018 1417 3095 γὰρ
1462 3016 1753 3097 ἀφίξεται
1795 3017 1989 3082 Ἴλιον
2035 3017 2176 3096 ἱρὴν

517 3226 588 3277 V.
624 3244 673 3279 1..
743 3230 841 3279 247
880 3228 997 3292 ἔχει
1037 3228 1129 3281 ἕλε
1165 3226 1218 3279 Η
1255 3226 1412 3282 Vrat.
1449 3228 1503 3281 b.
1531 3228 1586 3285 d.
1623 3231 1686 3282 A.
1726 3209 1817 3294 ἔχε
1855 3229 1920 3282 A.
1966 3230 2190 3295 ἀχϊλεύς
2229 3227 2287 3283 C.
2324 3263 2388 3272 -
2426 3233 2526 3282 248
2562 3178 2663 3281 bertl-

377 3298 482 3364 ρόν
517 3293 587 3348 Η.
627 3295 911 3349 ἀπέπαυτ’
947 3293 993 3347 G
1030 3293 1175 3348 Flor.
1213 3297 1357 3352 conf.
1395 3297 1446 3352 Υ
1481 3302 1565 3350 43.
1609 3327 1668 3336 --
1718 3303 1819 3350 250
1854 3300 2168 3364 πανθοῖδης
2205 3295 2273 3349 L:
2320 3296 2495 3351 ceteri
2529 3313 2666 3350 παν·

382 3363 591 3430 θοίδης.
642 3364 673 3416 ὃ
711 3360 1023 3417 ACDGHL.
1063 3362 1242 3417 ὀπίςω
1280 3362 1346 3417 G.
1383 3395 1445 3404 —
1485 3370 1586 3418 252
1623 3366 1656 3419 ὁ
1694 3366 1794 3429 μὲν
1829 3367 1900 3420 ἂν
1934 3364 1994 3418 Ε.
2032 3366 2117 3419 ὅδ’
2141 3364 2207 3423 D.
2244 3366 2329 3419 ὅδ’
2365 3362 2572 3421 CGHL.
2600 3399 2666 3409 -—

375 3439 475 3486 253
521 3432 578 3489 ὅ,
635 3448 766 3498 ςφιν
822 3430 880 3487 C.
935 3434 966 3483 ὅ
1011 3447 1142 3496 ςφιν
1184 3430 1340 3484 ΑΒΗ
1393 3430 1538 3485 Flor.
1587 3432 1746 3491 Rom.
1801 3436 1863 3487 ὅς
1911 3450 2042 3499 ςφιν
2087 3432 2196 3492 GL.
2250 3432 2506 3487 ΟΕΕΦΙΝ
2546 3435 2667 3501 Syr.

376 3502 438 3556 εὖ
490 3499 756 3566 φρονέων
801 3496 940 3551 HLS
983 3498 1139 3567 Lips.
1187 3498 1329 3557 Flor.
1377 3500 1709 3567 ἐϋφρονέων
1752 3500 1913 3556 ACG.
1963 3502 2295 3569 εὐφρονέων
2330 3500 2398 3554 D.
2451 3530 2518 3540 --
2570 3507 2672 3554 254

377 3572 521 3635 ἀμφι
561 3565 785 3623 ACDH.
878 3566 1131 3634 ράζεςθαι
1177 3566 1243 3622 G.
1292 3597 1348 3606 —
1399 3573 1500 3621 255
1535 3570 1672 3623 ἄςτυ
1708 3571 1769 3623 δὲ
1805 3568 2018 3623 ADGL.
2071 3600 2135 3609 —-
2178 3575 2277 3624 256
2313 3569 2559 3637 ἐμπεδίῳ
2597 3568 2666 3623 Η.

376 3654 528 3705 παρα
566 3638 628 3693 Α.
668 3636 781 3689 ἀπο
873 3675 886 3687 .
933 3635 1148 3701 τείχεος
1189 3636 1342 3702 εἰμὲν
1377 3632 1633 3693 CEGHL.
1669 3666 1733 3675 -
1772 3643 1868 3691 257
1908 3639 2120 3692 ΑΝΗΡ’
2155 3637 2273 3705 Syr.
2320 3637 2670 3704 πολεμίζεςθ’

375 3705 429 3759 S.
480 3704 851 3768 πολεμιζέμεν
887 3700 1017 3761 Vnt,
1067 3733 1133 3742 —
1170 3708 1271 3758 26υ
1306 3708 1446 3768 νῆας
1479 3704 1534 3768 γ’
1569 3703 1637 3759 G.
1675 3706 1813 3772 νῆάς
1849 3707 1904 3770 γ’
1938 3704 1982 3758 Ε
2017 3704 2164 3758 Flor.
2210 3704 2371 3758 Rom.
2407 3707 2462 3768 γ’
2504 3704 2669 3757 abest

378 3773 448 3826 ab
488 3771 753 3825 omnibus
789 3771 908 3824 fere
947 3770 1119 3828 libris,
1166 3800 1231 3810 -
1280 3777 1375 3825 261
1415 3773 1665 3826 ποδόκεα
1704 3774 1770 3828 G.
1813 3802 1881 3812 -
1925 3779 2024 3826 262
2071 3773 2288 3828 ἐκείνου
2323 3770 2666 3826 ACDEGHL

376 3839 413 3893 S
454 3857 495 3892 r.
553 3841 676 3894 οὐδ’
720 3840 972 3906 ἐθελήςει
1008 3839 1060 3891 Η
1106 3838 1266 3894 Vrat.
1315 3838 1368 3893 d.
1405 3840 1472 3899 A.
1523 3870 1593 3879 -
1643 3847 1743 3896 263
1786 3847 1968 3910 τρῷες
2005 3839 2064 3895 L.
2119 3872 2185 3881 -
2239 3846 2338 3894 264
2375 3843 2538 3909 ἄρεος
2572 3838 2666 3893 Ac

431 3924 515 3964 en.
554 3906 616 3961 B.
654 3906 865 3963 Har-lei.
902 3938 967 3947 -
1003 3913 1103 3961 265
1140 3910 1474 3976 μαχήςεταιε
1516 3909 1580 3961 ἐν
1616 3910 1773 3976 ἄλλῳ
1812 3911 2137 3975 μαχέςςεται
2174 3911 2241 3968 A.
2270 3939 2331 3948 -
2358 3914 2458 3964 266
2494 3914 2666 3976 προτὶ·

377 3974 445 4029 Η.
499 3977 803 4042 προτιάςτυ
848 3976 914 4033 D.
976 3977 1203 4032 πίθεςθε
1247 3978 1307 4031 δέ
1361 3978 1418 4043 μ’
1462 3978 1576 4031 ὧδε
1626 3975 1690 4031 L.
1746 3978 1858 4031 ὧδε
1906 3980 2011 4045 γὰρ
2058 3980 2234 4032 ἔςταιε
2290 3994 2374 4045 γρ.
2432 3978 2511 4031 ὣς
2557 3978 2663 4043 γὰρ

379 4043 608 4107 ἄμεινον
640 4042 702 4097 L.
738 4074 801 4082 —
839 4050 936 4098 268
973 4045 1097 4099 οὐδ’
1132 4047 1275 4112 ἄμμε
1313 4043 1365 4099 S.
1407 4044 1691 4101 ΕΟΝΤΟ(
1729 4045 1848 4113 Syr.

514 4238 580 4292 A.
618 4254 666 4290 ο.
738 4243 835 4291 247
883 4242 1115 4308 τρόμοςι
1173 4242 1352 4309 φόβος
1399 4239 1739 4297 Zenodotus.
1792 4241 1936 4294 conf.
1987 4242 2031 4293 Τ
2085 4248 2161 4295 14.
2212 4271 2272 4280 -—
2327 4245 2429 4294 262
2473 4239 2662 4295 κείνου

379 4303 756 4370 Aristarchus,
795 4308 938 4360 conf.
981 4309 1027 4363 Ο
1064 4314 1146 4366 94.
1174 4338 1235 4348 -
1273 4315 1373 4363 265
1410 4309 1713 4375 μαχήςεται
1751 4308 2136 4372 Aristarchus,
2173 4325 2285 4362 non
2324 4310 2663 4375 μαχέςςεται.

375 4402 446 4412 -
479 4376 578 4425 266
614 4373 865 4428 πίθεςθεε
902 4378 1126 4430 πιθέςθε
1162 4375 1448 4444 Tyrannio
1483 4377 1630 4430 teste
1670 4375 1854 4430 Schol.
1890 4376 1958 4429 V.
