3144 5006
537 409 620 475 98
1453 414 1785 470 ΙΛΙΑΔΟΕ
1839 415 1904 468 Ο.

713 565 932 631 ἀντίος
976 565 1187 633 ἀίξας·
1231 567 1348 633 τὸν
1392 568 1465 632 δὲ
1506 566 1676 633 Ζεὺς
1721 565 1884 633 ὦςεν
1930 565 2150 634 ὄπιςθε

544 672 667 730 695
711 668 870 748 χειρὶ
916 669 1084 748 μάλα
1128 668 1401 752 μεγάλῃ.
1448 667 1698 749 ὤτρυνε
1743 670 1815 734 δὲ
1859 670 2021 736 λαὸν
2064 669 2167 750 ἅμ’
2212 669 2406 753 αὐτῷ.

882 769 1056 835 αὖτις
1102 773 1173 836 δὲ
1217 773 1460 851 δριμεῖα
1503 771 1669 850 μάχη
1716 772 1890 852 παρὰ
1934 772 2152 850 νηυςὶν
2198 771 2446 851 ἐτύχθη.

712 872 906 952 φαίης
953 874 1006 938 κ’
1053 872 1332 954 ἀκμῆτας
1375 873 1478 937 καὶ
1520 871 1810 952 ἀτειρέας
1856 871 2222 952 ἀλλήλοιςιν

706 972 952 1041 ἄντεςθ’
996 974 1066 1039 ἐν
1110 976 1407 1057 πολέμῳ·
1456 973 1545 1039 ὣς
1591 974 1943 1055 ἐςςυμένως
1987 974 2325 1053 ἐμάχοντο.

700 1078 866 1140 τοῖςι
910 1076 983 1140 δὲ
1025 1076 1513 1155 μαρναμένοιςιν
1557 1075 1656 1140 ὅδ’
1700 1075 1780 1155 ἦν
1824 1075 2007 1142 νόος·
2053 1075 2092 1155 ἦ
2136 1096 2236 1141 τοι
2283 1076 2523 1154 Ἀχαιοὶ

537 1180 660 1240 700
705 1175 825 1241 οὐκ
867 1176 1118 1257 ἔφαςαν
1164 1177 1500 1257 φεύξεςθαι
1544 1175 1653 1240 ὑπ’
1695 1176 1765 1241 ἐκ
1809 1182 2039 1259 κακοῦ,
2089 1176 2229 1243 ἀλλ’
2272 1176 2589 1242 ὀλέεςθαι·

700 1278 947 1357 Τρωςὶν
993 1279 1049 1344 δ’
1092 1278 1328 1344 ἔλπετο
1373 1279 1574 1358 θυμὸς
1618 1277 1711 1342 ἐνὶ
1757 1279 2072 1357 ςτήθεςςιν
2117 1278 2384 1345 ἑκάςτου

703 1383 863 1457 νῆας
907 1380 1265 1460 ἐνιπρήςειν
1310 1380 1589 1446 κτενέειν
1634 1379 1691 1444 θ’
1733 1380 1951 1460 ἥρωας
1995 1380 2305 1459 Ἀχαιούς.

703 1482 767 1544 οἳ
810 1483 926 1560 μὲν
970 1483 1049 1546 τὰ
1092 1481 1492 1562 φρονέοντες
1536 1481 1889 1561 ἐφέςταςαν
1936 1480 2335 1561 ἀλλήλοιςιν·

698 1583 944 1663 Ἕκτωρ
988 1584 1060 1649 δὲ
1102 1586 1390 1663 πρυμνῆς
1431 1584 1583 1649 νεὸς
1627 1582 1843 1663 ἥψατο
1887 1583 2364 1663 ποντοπόροιο,

539 1690 661 1748 705
707 1687 901 1764 καλῆς
946 1686 1277 1768 ὠκυάλου,
1319 1686 1359 1763 ἢ
1404 1684 1861 1765 Πρωτεςίλαον
1908 1684 2152 1750 ἔνεικεν

704 1787 771 1853 ἐς
814 1786 1083 1873 Τροίην,
1129 1788 1270 1854 οὐδ’
1316 1786 1493 1853 αὖτις
1537 1786 1829 1864 ἀπήγαγε
1875 1788 2148 1865 πατρίδα
2190 1790 2398 1863 γαῖαν.

699 1892 819 1968 τοῦ
865 1910 986 1970 περ
1030 1893 1108 1970 δὴ
1152 1891 1297 1971 περὶ
1340 1890 1499 1970 νηὸς
1544 1888 1784 1968 Ἀχαιοί
1825 1909 1895 1954 τε
1939 1888 2155 1967 Τρῶές
2196 1908 2265 1953 τε

698 1993 898 2075 δῄουν
944 1990 1264 2070 ἀλλήλους
1307 1989 1731 2070 αὐτοςχεδόν·
1777 1989 1919 2055 οὐδ’
1961 1989 2087 2070 ἀρα
2130 1991 2230 2055 τοί
2271 2010 2346 2067 γε

700 2093 909 2158 τόξων
956 2092 1136 2158 ἀικάς
1181 2093 1378 2172 ἀμφὶς
1423 2094 1622 2173 μένον
1669 2091 1823 2156 οὐδέ
1867 2091 1922 2155 τ’
1966 2091 2296 2175 ἀκόντων,

531 2200 654 2257 710
699 2193 839 2258 ἀλλ’
884 2192 950 2257 οἵ
989 2194 1049 2270 γ’
1094 2195 1362 2271 ἔγγυθεν
1406 2193 1754 2274 ἱςτάμενοι,
1801 2192 1923 2258 ἕνα
1966 2193 2167 2271 θυμὸν
2213 2192 2504 2275 ἔχοντες,

701 2293 866 2361 ὀξέςι
911 2296 988 2374 δὴ
1033 2296 1356 2362 πελέκεςςι
1399 2296 1504 2360 καὶ
1548 2294 1787 2379 ἀξίνῃςι
1830 2295 2119 2374 μάχοντο

698 2397 799 2461 καὶ
841 2396 1083 2477 ξίφεςιν
1127 2397 1450 2477 μεγάλοιςι
1494 2398 1599 2462 καὶ
1641 2396 1889 2476 ἔγχεςιν
1935 2394 2321 2476 ἀμφιγύοιςι.

698 2499 915 2564 πολλὰ
959 2499 1031 2563 δὲ
1076 2499 1376 2579 φάςγανα
1419 2499 1584 2564 καλὰ
1627 2496 1982 2578 μελάνδετα
2026 2498 2366 2577 κωπήεντα

697 2600 865 2666 ἄλλα
912 2602 1026 2680 μὲν
1072 2601 1140 2666 ἐκ
1183 2605 1420 2681 χειρῶν
1465 2601 1735 2682 χαμάδις
1779 2602 2011 2683 πέςον,
2056 2597 2225 2664 ἄλλα
2267 2599 2324 2662 δ’
2368 2597 2478 2662 ἀπ’
2522 2600 2715 2681 ὤμων

663 2767 728 2826 V.
767 2787 815 2822 1..
889 2773 988 2822 694
1022 2768 1212 2822 ἀντίος
1249 2767 1379 2821 libri
1412 2769 1540 2827 mei.
1576 2770 1754 2824 ἀίξαςε
1802 2768 2010 2822 ἀῑςςων
2046 2766 2158 2821 AC.
2203 2783 2291 2833 γρ.
2330 2767 2484 2821 ἀΐξας
2518 2768 2588 2822 A.
2637 2768 2813 2824 ῶςενε

529 2837 711 2904 ῶρςεν
748 2834 1028 2891 ACDGLS
1064 2837 1124 2890 et
1155 2835 1362 2905 Heynii
1397 2836 1528 2890 libri
1562 2837 1793 2905 praeter
1828 2834 1990 2893 Vrat.
2027 2834 2082 2901 d,
2120 2833 2218 2902 qui
2262 2835 2541 2888 consentit
2576 2852 2701 2890 cum
2736 2835 2808 2894 H.

529 2905 709 2974 ὧρςεν
855 2907 1070 2969 μᾶλλον
1122 2905 1267 2960 ὼςεν
1311 2903 1465 2963 Euat,
1517 2910 1677 2968 1038,
1730 2909 1793 2958 27
1864 2906 1923 2958 et
1978 2910 2131 2963 1036.
2198 2907 2285 2963 12.
2339 2901 2467 2955 vide
2528 2909 2676 2969 1039,
2729 2911 2816 2958 34.

528 2975 720 3027 όπιςθε
818 2970 892 3025 G:
931 2973 1105 3026 ceteri
1128 2973 1374 3026 ὄπιςθεν.
1410 2973 1591 3028 ὁπίςω
1626 2971 1781 3026 Eust.
1822 2977 1968 3029 1035,
1998 2978 2075 3028 12.
2116 2974 2262 3035 1038,
2301 2976 2381 3027 27.
2418 2999 2484 3009 -
2519 2976 2618 3025 696
2652 2972 2817 3026 αὖθ’ίς

529 3040 587 3095 Ο.
624 3069 689 3079 -
725 3045 824 3126 697
860 3040 1144 3117 ἀλλήλοιςι
1181 3038 1229 3091 D
1270 3038 1425 3094 vrat.
1462 3041 1529 3098 A.
1574 3070 1649 3129 —2
1684 3044 1784 3094 698
1822 3042 1901 3094 ὡς
1936 3038 2097 3093 ACD.
2144 3066 2211 3076 —
2258 3042 2357 3092 699
2404 3036 2532 3090 libri
2568 3041 2710 3105 ἦτοι.
2745 3068 2813 3079 --

527 3115 628 3229 {³⁰ss
662 3105 1066 3244 353502‘2‘22212
1080 3106 1418 3230 11:30⁸23132·
1451 3109 1510 3228 ἒ·
1531 3104 2368 3245 Ε’ῑῖέὶλῗῖἰῗῗῖἓιῗᾶτὶἱὶέ·
2381 3110 2813 3230 cxnf7⁰333P⁰253

526 3244 595 3296 A.
633 3272 698 3282 —
745 3248 842 3297 702
878 3243 1139 3297 κτανέειν
1181 3242 1230 3296 D
1276 3242 1503 3301 Bai-ooo.
1549 3245 1601 3297 δ’
1634 3246 1829 3311 ἥρωας
1862 3242 1932 3296 H.
1978 3271 2046 3282 —
2091 3248 2191 3297 703
2225 3240 2281 3295 οἳ
2326 3241 2427 3303 μὲν
2464 3238 2574 3295 CD.
2610 3272 2673 3283 —
2713 3247 2815 3295 704

527 3313 675 3365 νεὼς
712 3308 852 3364 CDE
893 3316 1039 3375 1039,
1079 3317 1158 3364 10.
1196 3309 1334 3364 Mor.
1374 3311 1530 3367 Vrat.
1582 3312 1633 3365 b.
1677 3313 1806 3365 τινὰ
1840 3317 1960 3364 τῶν
2005 3314 2265 3365 παλαιῶν
2309 3309 2676 3375 ἀντιγράφων
2722 3311 2813 3363 διὰ

531 3384 633 3433 τοῦ
667 3384 704 3432 ὃ
738 3383 933 3445 μικροῦ
979 3380 1255 3446 γράφουςι
1290 3379 1359 3432 τὸ
1396 3381 1523 3435 νεός
1570 3378 1726 3435 Euat.
1774 3384 1922 3445 1039,
1963 3384 2042 3432 10.
2091 3378 2475 3472 ποντοὲτέροιο
2509 3376 2575 3434 A.
2611 3406 2673 3418 —
2713 3382 2815 3431 706

528 3481 686 3535 αὖθ’ίς
732 3478 788 3533 C.
840 3480 1093 3545 ἐπήγαγε
1139 3478 1191 3532 H
1230 3478 1385 3534 Vrat.
1431 3479 1484 3534 d.
1537 3510 1604 3521 —
1658 3485 1756 3535 707
1806 3486 1986 3549 τρῷες
2033 3477 2092 3535 L.
2145 3509 2211 3518 —
2265 3483 2363 3532 708
2409 3480 2607 3545 δηῖουν
2642 3475 2810 3532 DGL.

521 3548 870 3613 αὐτοςχεδὸν
917 3550 981 3604 A.
1027 3578 1092 3587 —
1138 3554 1236 3604 709
1272 3550 1473 3615 ἀμφὶς,
1519 3549 1692 3614 μένον
1738 3550 1804 3606 A.
1851 3548 2231 3615 ἠμφιεςμένον
2274 3544 2461 3615 Apoll.
2509 3544 2679 3614 Soph.
2730 3552 2811 3611 15,

529 3657 608 3705 15.
638 3624 723 3688 ΪΪ
749 3654 847 3703 712
884 3651 1061 3716 ξίφεςι
1096 3649 1141 3702 Ε
1177 3648 1244 3702 Li
1286 3667 1328 3702 s.
1379 3650 1640 3715 μεγάλοις
1676 3649 1723 3701 Α
1769 3649 1861 3703 oll.
1897 3648 2068 3718 Soph.
2109 3654 2190 3712 28,
2235 3654 2314 3703 1⁴2.
2362 3648 2680 3713 ἀμφιγύοιςι
2715 3646 2811 3701 AC

525 3716 693 3841 3¹13}
729 3748 794 3756 —
829 3723 936 3772 714
972 3719 1145 3772 πέςον
1191 3719 1240 3769 A
1290 3716 1359 3770 L:
1409 3719 1577 3772 πέςεν
1614 3716 1704 3771 CD
1762 3716 1813 3769 H
1848 3716 1994 3786 Lips,
2032 3716 2189 3770 Vrat.
2227 3714 2279 3769 d.
2315 3718 2382 3769 A.
2430 3715 2596 3784 frgm.
2642 3713 2812 3769 Mose.

661 3974 728 4025 A.
767 3990 812 4025 c.
891 3977 989 4027 694
1034 3972 1361 4039 ἀρίςταρχος
1399 3971 1543 4026 ῶςεν
1582 3973 1778 4026 ὅπιςθε
1854 3973 1986 4039 tuph:
2022 3975 2125 4025 τοῦ
2161 3974 2197 4037 ἴ)
2232 3973 2323 4025 καί
2359 3970 2549 4025 ἀντίος
2584 3971 2672 4024 διὰ
2708 3973 2810 4023 τοῦ

528 4043 556 4095 ἰ
600 4038 944 4108 Didymus.
991 4069 1057 4078 —
1103 4044 1202 4093 698
1247 4042 1494 4094 ἀντεςθί
1542 4040 1766 4094 ἀντέςθ’
1855 4038 2107 4108 yranniO.
2157 4040 2262 4093 ὣςε
2311 4038 2564 4092 ςτικτέον
2609 4039 2671 4091 δὲ
2715 4039 2810 4092 ἐπὶ

527 4111 596 4162 τὸ
635 4110 868 4175 πολέμῳ
898 4110 986 4161 καὶ
1022 4108 1090 4159 τὸ
1129 4110 1252 4174 ἑξῆς
1281 4109 1404 4162 καθ’
1439 4109 1582 4161 αὑτό
1619 4107 1953 4171 Nicanor,
1990 4105 2134 4160 conf.
2170 4105 2219 4159 Ζ
2246 4111 2359 4160 109.
2399 4107 2441 4159 Ν
2485 4111 2597 4159 133.
2632 4122 2667 4158 τ
2692 4111 2810 4162 442.

528 4176 569 4228 Χ
607 4181 722 4231 259.
758 4205 824 4213 -
862 4180 962 4229 705
997 4176 1259 4229 ὠκυάλου
1294 4174 1671 4229 Herodianus:
1709 4174 1806 4228 alii
1830 4176 2115 4233 ὠκυάλου,
2153 4176 2348 4239 ψιλῶς.
2384 4202 2450 4212 -
2487 4178 2583 4227 711
2620 4174 2812 4227 ἀθετεῖ

531 4243 885 4308 Ἀρίςταρχος
922 4244 999 4309 (P)
1035 4241 1215 4299 Schol.
1253 4241 1359 4295 BL.
1397 4272 1462 4282 —
1509 4249 1606 4295 712
1643 4243 1925 4297 ἀθετεῖται
1970 4241 2428 4295 Aristonicus,
2484 4238 2810 4294 Aristarcho

528 4309 861 4361 adversatur
893 4308 1189 4377 Dionysius
1221 4312 1454 4378 propter
1488 4327 1712 4365 versum
1749 4317 1864 4376 713,
1902 4310 2001 4364 sed
2025 4309 2169 4364 conf.
2194 4309 2435 4363 Ariston.
2475 4307 2548 4361 ad
2584 4325 2663 4364 vs.
2691 4312 2808 4363 714.

530 4402 592 4411 -—
631 4381 730 4427 714
765 4377 920 4427 οὕτω
957 4378 1046 4429 διὰ
1079 4382 1183 4430 τοῦ
1222 4385 1252 4430 ὗ
1290 4380 1462 4432 πέςον
1496 4377 1838 4445 Didymus,
