3144 5006
461 437 589 501 294
1380 435 1713 492 ΙΛΙΑΔΟ(
1763 437 1819 492 Κ.

632 589 798 656 ἀλλὰ
842 591 897 655 τί
942 592 981 670 ἢ
1030 591 1138 672 ἐμὲ
1181 595 1381 657 ταῦτα
1426 590 1804 669 διεξερέεςθε
1850 589 2106 666 &mc-rm

633 694 685 758 εἰ
729 693 852 772 γὰρ
899 696 975 772 δὴ
1021 694 1301 774 μέματον
1345 693 1591 772 Τρώων
1636 694 1980 756 καταδῦναι
2024 690 2275 772 ὅμιλον,

636 795 900 874 Θρήικες
945 794 1068 860 οἷδ’
1110 795 1434 860 ἀπάνευθε
1479 794 1817 876 νεήλυδες,
1861 792 2114 872 ἔςχατοι
2158 791 2408 857 ἄλλων·

463 901 586 960 435
633 896 705 962 ἐν
751 896 822 962 δέ
868 917 1019 978 ςφιν
1062 896 1284 975 Ῥῆςος
1329 895 1650 977 βαςιλεύς,
1695 894 1844 960 πάις
1889 894 2204 973 Ἠϊονῆος.

634 1002 753 1062 τοῦ
798 999 875 1077 δὴ
920 999 1289 1063 καλλίςτους
1330 997 1574 1063 ἵππους
1617 996 1763 1062 ἴδον
1809 995 1923 1074 ἠδὲ
1967 995 2321 1076 μεγίςτους·

633 1099 1000 1178 λευκότεροι
1044 1098 1297 1183 χιόνος,
1342 1099 1536 1165 θείειν
1583 1099 1640 1165 δ’
1683 1097 2003 1179 ἀνέμοιςιν
2050 1097 2276 1178 ὁμοῖοι.

634 1201 802 1282 ἅρμα
846 1202 915 1265 δέ
962 1201 1023 1265 οἱ
1068 1208 1278 1286 χρυςῷ
1323 1222 1390 1266 τε
1435 1203 1539 1265 καὶ
1583 1199 1844 1284 ἀργύρῳ
1890 1198 1961 1264 εὗ
2007 1200 2289 1278 ἤςκηται·

630 1301 860 1383 τεύχεα
904 1304 976 1367 δὲ
1020 1302 1278 1382 χρύςεια
1322 1301 1645 1384 πελώρια,
1690 1305 1899 1382 θαῦμα
1942 1301 2194 1384 ἰδέςθαι,

464 1410 590 1468 440
633 1404 814 1485 ἤλυθ’
858 1403 1056 1483 ἔχων·
1102 1405 1181 1469 τὰ
1225 1405 1341 1484 μὲν
1387 1404 1466 1470 οὔ
1510 1426 1568 1469 τι
1614 1406 2095 1483 καταθνητοῖςιν
2138 1402 2349 1468 ἔοικεν

633 1504 965 1585 ἄνδρεςςιν
1009 1506 1296 1590 φορέειν,
1343 1506 1485 1570 ἀλλ’
1529 1506 1897 1571 ἀθανάτοιςι
1942 1507 2197 1571 θεοῑςιν.

634 1606 776 1672 ἀλλ’
821 1607 930 1687 ἐμὲ
974 1608 1089 1689 μἐν
1133 1611 1253 1673 νῦν
1300 1608 1476 1686 νηυςὶ
1518 1608 1908 1673 πελάςςετον
1953 1606 2399 1690 ὠκυπόροιςιν,

631 1709 704 1788 ἠέ
750 1730 824 1789 με
870 1709 1172 1789 δήςαντες
1218 1709 1417 1774 λίπετ’
1460 1709 1683 1774 αὐτόθι
1727 1708 1905 1787 νηλέι
1950 1713 2177 1793 δεςμῷ,

635 1809 813 1891 ὄφρά
859 1831 967 1876 κεν
1012 1811 1284 1891 ἔλθητον
1329 1812 1430 1875 καὶ
1473 1814 1862 1891 πειρηθῆτον
1909 1809 2104 1893 ἐμεῖο,

464 1917 587 1975 445
631 1913 706 1992 ἠὲ
749 1913 885 1978 κατ’
924 1912 1110 1978 αἶςαν
1154 1913 1376 1978 ἔειπον
1420 1913 1492 1977 ἐν
1540 1912 1706 1997 ὑμῖν,
1751 1914 1826 1993 ἦε
1870 1913 1971 1977 καὶ
2017 1911 2172 1977 οὐκί.

802 2014 918 2080 τὸν
963 2015 1019 2080 δ’
1062 2014 1162 2095 ἄρ’
1205 2014 1457 2094 ὑπόδρα
1499 2014 1658 2080 ἰδὼν
1702 2016 1997 2095 προςέφη
2042 2012 2347 2092 κρατερὸς
2390 2013 2745 2093 Διομήδης·

633 2118 715 2197 μὴ
762 2117 841 2195 δή
887 2136 993 2197 μοι
1037 2115 1228 2196 φύξίν
1271 2136 1345 2194 γε
1388 2115 1636 2181 Δόλων
1683 2116 1996 2195 ἐμβάλλεο
2041 2120 2241 2198 θυμῷ,

636 2218 823 2282 ἑςθλὰ
868 2237 989 2296 περ
1033 2217 1364 2300 ἀγγείλας,
1410 2217 1547 2281 ἐπεὶ
1590 2215 1729 2281 ἵκεο
1775 2218 1989 2296 χεῖρας
2032 2216 2099 2282 ἐς
2143 2215 2322 2296 ἁμάς.

641 2317 695 2383 εἰ
738 2320 855 2398 μὲν
899 2318 1022 2398 γάρ
1066 2318 1137 2383 κέ
1183 2338 1249 2382 ςε
1295 2321 1414 2384 νῦν
1459 2316 1871 2398 ἀπολύςομεν
1915 2317 1990 2396 ἠὲ
2034 2320 2344 2400 μεθῶμεν,

466 2425 593 2484 450
633 2419 673 2499 ἦ
720 2440 788 2484 τε
833 2421 932 2484 καὶ
976 2418 1245 2500 ὕςτερον
1290 2418 1465 2485 εἷςθα
1506 2420 1666 2486 θοὰς
1711 2420 1814 2484 ἐπὶ
1856 2422 2016 2497 νῆας
2060 2419 2332 2498 Ἀχαιῶν

635 2522 709 2599 ἠὲ
753 2522 1151 2589 διοπτεύςων
1196 2523 1235 2601 ἢ
1280 2521 1637 2602 ἐναντίβιον
1685 2521 2076 2602 πολεμίξων·

636 2623 690 2689 εἰ
736 2624 807 2689 δέ
851 2624 906 2689 κ’
949 2625 1100 2709 ἐμῇς
1146 2624 1275 2689 ὑπὸ
1319 2625 1494 2705 χερςὶ
1535 2625 1751 2703 δαμεὶς
1796 2622 1928 2689 ἀπὸ
1974 2625 2176 2704 θυμὸν
2222 2622 2501 2707 ὀλέςςῃς,

601 2773 669 2829 V.
707 2794 760 2829 τ..
811 2782 911 2829 432
948 2776 1003 2829 τί
1037 2778 1073 2843 ἢ
1108 2774 1196 2829 Et.
1233 2774 1346 2844 Mg.
1383 2780 1501 2842 415,
1536 2781 1620 2829 20.
1657 2776 1712 2829 τί
1747 2778 1783 2842 ἦ
1822 2792 1889 2841 με
1924 2773 2106 2828 Schol.
2133 2775 2176 2827 Α
2203 2780 2320 2829 219.
2360 2774 2452 2842 τίη
2487 2774 2553 2838 γέ
2590 2790 2656 2836 με
2681 2771 2746 2827 G.

465 2843 556 2911 τίη
595 2848 698 2908 μεθ
735 2843 802 2896 Η.
837 2845 929 2912 τίη
969 2845 1035 2910 μὲ
1079 2845 1439 2910 διεξερέεςθαι
1483 2847 1666 2897 ταῦτα
1702 2843 1905 2898 ἕκαςτα
1939 2841 2080 2899 Mor.
2116 2840 2346 2895 Barocc.
2392 2843 2747 2908 διεξερέεςθαι

466 2910 649 2981 Apoll.
688 2909 820 2965 Lex.
860 2916 942 2975 82,
981 2917 1027 2969 2.
1074 2913 1494 2978 παρεξερέεςθαι
1531 2910 1714 2964 Schol.
1753 2913 1796 2965 A
1834 2917 1949 2964 219.
1994 2909 2081 2963 Et.
2118 2909 2229 2979 Mg.
2268 2915 2386 2972 415,
2424 2915 2505 2962 20.
2548 2939 2612 2948 ——
2648 2914 2749 2963 433

465 2982 677 3049 τρῴων
713 2977 771 3033 L.
808 3009 873 3018 -—
908 2984 1009 3034 434
1045 2979 1153 3033 οἶδ’
1188 2980 1251 3032 Α.
1288 2980 1539 3045 νεήλιδες
1576 2976 1635 3037 L,
1673 3008 1737 3017 —
1774 2984 1876 3033 435
1910 2995 2005 3044 ςφι
2049 2977 2099 3030 D
2137 2976 2319 3035 Schol.
2354 2976 2545 3045 Eurip.
2586 2976 2747 3031 Rhea

465 3053 582 3103 393.
623 3048 751 3102 πάις
787 3046 857 3099 E:
897 3052 1025 3101 παῖς
1051 3044 1404 3103 ACDGHLS.
1439 3076 1504 3085 —
1540 3052 1641 3101 437
1676 3049 1856 3109 ὅμοιοι
1881 3045 1946 3099 G.
1983 3076 2047 3084 -—
2084 3051 2184 3099 438
2219 3046 2441 3112 ἅρματα
2476 3047 2536 3099 δὲ
2565 3050 2748 3111 χρυςῷ

466 3114 562 3168 HL
599 3114 747 3183 Lips.
793 3117 857 3168 τὲ
894 3115 959 3168 A.
1005 3143 1072 3152 —
1115 3120 1218 3167 440
1254 3115 1397 3168 κατὰ
1432 3119 1716 3179 θνητοῖςιν
1752 3111 1961 3167 AEHL.
2006 3144 2061 3152 —
2111 3118 2206 3166 441
2246 3114 2496 3181 ἄνδρεςςι
2529 3111 2748 3166 DEGH.

467 3214 531 3221 ——
571 3188 668 3235 44⁶2
707 3182 807 3246 μὲν
842 3180 1025 3235 omitt.
1059 3180 1206 3249 Lips.
1243 3180 1412 3237 Mose.
1451 3188 1497 3235 3.
1546 3185 1651 3234 νθν
1686 3180 1868 3235 omitt.
1908 3179 2066 3236 Cant.
2111 3183 2206 3244 ἐμὲ
2244 3183 2347 3246 μὲν
2387 3182 2582 3248 νηυςὶν
2620 3185 2750 3235 πελ-

467 3251 734 3304 λὰςςετον
769 3247 926 3302 Vrat.
962 3248 1028 3304 A.
1068 3249 1419 3304 πελάςςατον
1453 3247 1622 3301 Mose.
1662 3256 1710 3302 3.
1748 3250 2086 3316 ώκυπόροιςι
2113 3248 2182 3301 D.
2222 3278 2281 3287 —
2319 3254 2421 3302 443
2457 3249 2543 3314 ἠέ,
2582 3265 2648 3313 με
2686 3252 2750 3302 A.

466 3320 500 3382 ἢ
540 3317 637 3382 ἐμὲ
670 3315 720 3368 D
759 3331 826 3369 ex
863 3332 1002 3369 corr.
1037 3315 1105 3368 H.
1143 3345 1205 3354 -
1251 3322 1352 3370 444
1388 3316 1541 3383 ὄφρά
1579 3333 1677 3369 κεν
1712 3314 1876 3370 ACH.
1912 3321 2255 3384 πειραθῆτον
2289 3314 2356 3371 H.
2403 3317 2559 3381 ἐμοῖο
2595 3313 2647 3371 S.
2685 3345 2748 3354 -

464 3391 564 3438 445
600 3386 635 3450 ἦ
674 3386 745 3450 ῥα
780 3380 920 3435 AGS
957 3382 1114 3436 Cant.
1153 3382 1290 3437 Mor.
1327 3383 1478 3438 Harl.
1517 3381 1665 3452 Lipn.
1702 3382 1919 3437 Townl.
1959 3382 2113 3438 Vrat.
2155 3384 2205 3437 b.
2245 3384 2310 3437 A.
2347 3385 2382 3451 ἢ
2419 3384 2488 3449 ρὰ
2513 3382 2572 3436 C.
2607 3386 2641 3448 ἢ
2679 3385 2749 3450 ῥὰ

466 3451 534 3505 Η.
570 3452 605 3516 ἦ
644 3452 715 3518 ῥα
750 3449 818 3504 D.
853 3451 920 3517 ήὲ
953 3450 1057 3504 EL.
1096 3452 1247 3505 οὐκίε
1285 3453 1410 3516 οὐχὶ
1448 3451 1614 3507 G.‘—
1653 3456 1753 3505 446
1787 3453 1857 3520 ἂρ
1891 3450 2009 3505 DG.
2048 3453 2118 3519 ἀρ
2154 3451 2218 3505 A.
2256 3482 2321 3491 —
2357 3457 2456 3505 447
2493 3450 2660 3515 φύξίν
2684 3468 2748 3516 γε

467 3524 532 3574 A.
577 3548 638 3558 —
672 3523 772 3572 448
808 3518 951 3584 ἀμάς
988 3518 1054 3571 C:
1092 3519 1235 3582 ἀμὰς
1273 3518 1418 3571 ADE
1454 3523 1571 3585 819,
1612 3525 1674 3573 19
1709 3520 1841 3581 ἐμὰς
1868 3518 2013 3572 GHL
2040 3520 2173 3585 (om.
2198 3521 2279 3587 ἐς)
2314 3518 2528 3573 Townl.
2553 3517 2610 3571 iu
2645 3535 2755 3589 rae..

467 3593 651 3655 χεῖρας
688 3586 840 3652 ἐμεῖο
877 3586 919 3707 Ἰ
949 3588 1165 3651 μᾶλλον
1208 3591 1394 3653 χεῖρας
1439 3586 1496 3640 ἐς
1533 3587 1676 3652 ἀμὰς
1711 3586 1864 3641 Euat.
1901 3592 2017 3653 817,
2056 3592 2137 3641 36.
2183 3618 2244 3627 -
2284 3593 2383 3640 449
2418 3587 2508 3641 καί
2544 3602 2601 3639 ςε
2639 3584 2749 3640 CD.

466 3657 817 3721 ἀπολύςομαι
853 3654 889 3720 ἡ
956 3658 1206 3719 μεθῶμαι
1243 3652 1309 3707 G.
1344 3656 1694 3719 ἀπολύςομαι
1729 3653 1955 3710 Barocc.
1998 3685 2058 3692 —
2094 3661 2195 3709 450
2231 3656 2282 3708 εἴ
2317 3670 2379 3708 τε
2410 3652 2594 3721 Apoll.
2620 3651 2748 3707 Lex.

467 3764 558 3824 64,
594 3764 678 3814 33.
725 3748 826 3824 ήτε
871 3755 939 3811 D.
994 3756 1135 3821 ἥςθα
1169 3754 1221 3807 H
1261 3762 1304 3808 1.
1347 3771 1499 3808 man.
1535 3753 1594 3807 L.
1638 3771 1725 3822 γρ.
1764 3758 1924 3822 ἤιςθα
1959 3754 2028 3808 Η.
2065 3785 2127 3792 --
2174 3761 2269 3809 451
2307 3735 2657 3809 διοπτεύςῧῖιῖ
2693 3754 2749 3809 S.

467 3860 816 3914 διοπτεύςειν
852 3856 1008 3910 Vrat.
1044 3856 1097 3909 b.
1138 3863 1182 3910 1.
1219 3873 1367 3914 man.
1403 3855 1654 3921 ἀντίβιον
1688 3855 1752 3910 Ε.
1797 3858 2152 3921 πτολεμίξων
2187 3854 2254 3907 D.
2301 3839 2658 3921 πτολεμίξῗῦἶῖ
2695 3856 2747 3912 S.

469 3928 828 3991 πτολεμίζων
863 3924 931 3977 Η.
971 3925 1293 3989 πολεμίζειν
1327 3924 1387 3978 L.
1432 3924 1756 3987 πολεμίξων
1792 3922 1982 3978 ACEG
2020 3924 2177 3976 Cant.
2215 3921 2368 3977 Harl.
2405 3922 2562 3977 Vrat.
2600 3926 2663 3982 A.
2686 3956 2747 3965 —-

465 4001 565 4049 452
602 3996 716 4049 ὑπο
753 3994 817 4047 A.
854 3996 1045 4060 δαμεὶς
1080 3990 1481 4046 ACDEGHLS.
1518 3993 1715 4046 τυπεὶς
1750 3991 1801 4045 A
1836 4009 1958 4061 sup.
1995 4009 2080 4060 γρ.
2116 3992 2311 4046 τυπεὶς
2348 3989 2505 4047 Vrat.
2542 3993 2596 4048 b.
2635 3995 2750 4048 ἀπο

469 4111 632 4169 cml.
670 4079 899 4169 ὸιέαὲ(
934 4110 1004 4166 Η.

602 4231 669 4285 A.
704 4249 752 4286 ο.
818 4237 919 4286 445
963 4231 1160 4298 ἀρίςτα
1195 4248 1293 4299 χος
1346 4233 1414 4299 ἠὲ
1459 4233 1586 4285 κατ’
1628 4232 1791 4285 αἶςαν
1834 4228 2176 4298 Didymus.
2242 4230 2394 4295 οὐκί,
2448 4247 2560 4284 non
2607 4231 2748 4296 οὐχί.

474 4297 823 4351 Aristarchus
858 4300 1002 4351 conf.
1030 4299 1098 4352 H.
1175 4345 1187 4357 .
1214 4304 1329 4354 328.
1368 4330 1432 4338 -
1468 4305 1567 4353 449
1603 4300 1959 4364 ἀπολύςομεν
1983 4296 2165 4355 Sehol,
2192 4295 2260 4350 V.
2287 4301 2567 4365 μεθῶμεν,
2606 4299 2749 4352 conf.

471 4366 510 4418 Β
537 4370 636 4417 299
659 4366 903 4431 δαῶμεν,
940 4365 982 4418 Χ
1008 4372 1104 4420 381
1134 4372 1510 4436 πειρηθῶμεν.
1549 4398 1609 4407 -
1647 4373 1747 4423 452
1781 4368 2108 4435 ἀρίςταρχος
2136 4366 2377 4421 ὀλέςςαις
2403 4365 2749 4435 Didymus.
