3144 5006
1314 381 1649 438 ιΛιΑΔος
1702 381 1797 438 xl.
1930 452 1935 458 ,
2572 384 2700 448 309

416 541 537 600 180
580 534 910 616 Ἀτρείδεω
955 535 1085 601 ὑπὸ
1128 535 1333 615 χερςί·
1377 536 1524 615 περὶ
1567 537 1698 615 πρὸ
1741 536 1864 616 γὰρ
1909 537 2083 617 ἔγχεϊ
2126 543 2294 603 θῦεν.

578 637 721 703 ἀλλ’
764 637 873 703 ὅτε
918 639 997 718 δὴ
1041 638 1182 718 τάχ’
1223 636 1489 717 ἔμελλεν
1535 635 1665 703 ὑπὸ
1708 639 1934 704 πτόλιν
1979 638 2133 704 αἰπύ
2175 659 2244 704 τε
2288 643 2500 719 τεῖχος

573 738 841 823 ἵξεςθαι,
886 740 1033 804 τότε
1078 740 1156 818 δή
1202 738 1285 820 ῥα
1329 741 1537 819 πατὴρ
1576 739 1834 819 ἀνδρῶν
1879 761 1945 806 τε
1991 745 2162 807 θεῶν
2205 761 2276 807 τε

575 842 740 919 Ἴδης
784 843 855 907 ἐν
900 848 1212 925 κορυφῇςι
1257 842 1554 909 καθέζετο
1602 843 1954 923 πιδηέςςης,

578 943 934 1022 οὐρανόθεν
979 943 1279 1023 καταβάς·
1325 942 1432 1023 ἔχε
1478 944 1538 1009 δ’
1581 943 1941 1024 ἀςτεροπὴν
1987 943 2144 1023 μετὰ
2186 943 2417 1022 χερςίν.

414 1051 532 1108 185
578 1043 730 1123 Ἶριν
776 1046 834 1110 δ’
877 1046 1123 1124 ὤτρυνε
1168 1046 1606 1123 χρυςόπτερον
1652 1045 2113 1121 ἀγγελέουςαν·
2156 1083 2170 1092 -

745 1146 917 1226 βάςκ’
957 1146 1045 1212 ἴθι
1088 1145 1200 1226 Ἶρι
1246 1150 1502 1232 ταχεῖα,
1545 1148 1663 1212 τὸν
1709 1147 1957 1225 Ἕκτορι
2003 1150 2207 1228 μῦθον
2252 1147 2518 1212 ἐνίςπες.

576 1247 731 1329 ὄφρ’
777 1248 857 1313 ἂν
903 1249 1020 1328 μέν
1064 1269 1174 1314 κεν
1218 1249 1342 1333 ὁρᾷ
1387 1249 1859 1332 Ἀγαμέμνονα,
1902 1249 2176 1329 ποιμένα
2220 1251 2420 1331 λαῶν,

575 1350 833 1415 θύνοντ’
875 1351 948 1414 ἐν
992 1350 1436 1434 προμάχοιςιν,
1482 1350 1824 1431 ἐναίροντα
1866 1348 2076 1429 ςτίχας
2123 1348 2407 1432 ἀνδρῶν,

573 1450 762 1532 τόφρ’
804 1451 1249 1534 ἀναχωρείτω,
1293 1453 1410 1518 τὸν
1455 1452 1513 1517 δ’
1556 1451 1761 1517 ἄλλον
1809 1452 1967 1517 λαὸν
2015 1450 2292 1531 ἀνώχθω

407 1559 530 1618 190
572 1553 922 1634 μάρναςθαι
967 1552 1192 1631 δηίοιςι
1237 1553 1394 1619 κατὰ
1438 1554 1748 1634 κρατερὴν
1793 1554 2074 1633 ὑςμίνην.

572 1654 775 1734 αὐτὰρ
820 1654 960 1719 ἐπεί
1003 1654 1058 1719 κ’
1100 1655 1139 1732 ἢ
1185 1656 1372 1733 δουρὶ
1411 1654 1631 1720 τυπεὶς
1681 1655 1720 1733 ἢ
1768 1656 2081 1735 βλήμενος
2123 1655 2200 1738 ἰῷ

571 1756 661 1821 εἰς
701 1755 945 1822 ἵππους
986 1754 1236 1839 ἅλεται,
1279 1757 1425 1821 τότε
1471 1757 1533 1821 οἱ
1578 1757 1811 1836 κράτος
1852 1756 2202 1832 ἐγγυαλίξω

569 1857 856 1941 κτείνειν,
901 1856 990 1922 εἰς
1036 1857 1073 1923 δ
1118 1878 1188 1922 κε
1233 1861 1391 1936 νῆας
1435 1858 1813 1938 ἐυςςέλμους
1857 1859 2157 1938 ἀφίκηται

569 1959 689 2044 δύῃ
733 1960 789 2024 τ’
831 1958 1044 2036 ἠέλιος
1091 1958 1187 2023 καὶ
1233 1957 1339 2023 ἐπὶ
1382 1959 1624 2039 κνέφας
1667 1959 1846 2039 ἱερὸν
1891 1958 2059 2041 ἔλθη.

402 2066 524 2124 195
739 2061 829 2126 ὣς
872 2060 1076 2141 ἔφατ’,
1124 2060 1265 2125 οὐδ’
1307 2060 1569 2140 ἀπίθηςε
1616 2063 1984 2142 ποδήνεμος
2026 2061 2196 2125 ὠκέα
2242 2061 2411 2144 Ἷρις,

569 2165 645 2242 βῆ
690 2163 761 2227 δὲ
805 2162 942 2226 κατ’
986 2160 1227 2227 Ἰδαίων
1273 2159 1488 2239 ὀρέων
1532 2161 1623 2228 εἰς
1666 2162 1858 2227 Ἴλιον
1900 2161 2063 2242 ἱρήν.
2492 2159 2505 2174 “

568 2262 702 2343 εὗρ’
746 2263 888 2329 υἱὸν
932 2264 1254 2344 Πριάμοιο
1299 2264 1689 2344 δαΐφρονος,
1734 2264 2006 2346 Ἕκτορα
2049 2268 2216 2348 δῖον,

567 2364 810 2429 ἑςταότ’
853 2365 927 2432 ἔν
971 2366 1028 2430 θ’
1066 2364 1314 2431 ἵπποιςι
1357 2365 1456 2429 καὶ
1499 2363 1725 2445 ἅρμαςι
1772 2368 2197 2445 κολλητοῑςιν·

566 2468 774 2548 ἀγχοῦ
818 2467 876 2533 δ’
918 2467 1212 2548 ἱςταμένη
1257 2467 1551 2549 προςέφη
1596 2466 1804 2535 πόδας
1846 2467 2017 2533 ὠκέα
2060 2467 2235 2547 Ἰρις·

395 2576 523 2634 200
731 2569 994 2650 Ἕκτορ,
1040 2568 1135 2633 υἱὲ
1179 2568 1529 2652 Πριάμοιο,
1575 2569 1683 2633 Διὶ
1728 2573 1909 2650 μῆτιν
1955 2567 2294 2652 ἀτάλαντε,

562 2671 728 2737 Ζεύς
773 2691 849 2752 με
893 2672 1101 2750 πατὴρ
1145 2671 1425 2751 προέηκε
1469 2671 1604 2736 τεῒν
1647 2671 1799 2736 τάδε
1845 2671 2244 2751 μυθήςαςθαι.

560 2771 714 2854 ὄφρ’
758 2771 839 2838 ἂν
882 2773 998 2853 μέν
1043 2792 1152 2838 κεν
1195 2772 1355 2855 ὁρᾷς
1400 2772 1871 2855 Ἀγαμέμνονα,
1917 2774 2190 2853 ποιμένα
2234 2773 2431 2853 λαῶν,

526 2974 594 3029 V.
635 2994 685 3029 ι..
750 2980 843 3028 180
877 2974 1139 3041 ἀτρείδαο
1175 2971 1240 3026 G.
1288 2974 1403 3028 ὑπο
1440 2976 1503 3027 Α.
1549 2976 1681 3040 περὶ
1726 2974 1837 3041 πρὸ
1878 2972 2037 3027 ΑΕΗ.
2086 2975 2214 3041 περὶ
2259 2990 2368 3040 προ
2406 2972 2516 3029 CI).
2555 2976 2679 3042 πέρι

389 3045 505 3111 πρὸ
539 3042 599 3097 L.
643 3047 801 3098 θθιεν
837 3044 901 3096 Α.
945 3072 1003 3080 -
1043 3048 1138 3096 181
1176 3043 1415 3107 ἔμελλον
1452 3041 1602 3096 CGH
1649 3039 1795 3111 Lips.
1843 3040 1996 3095 Harl.
2042 3058 2134 3095 un.
2174 3041 2329 3094 Vrat.
2375 3057 2523 3096 man.
2569 3059 2677 3096 rec,
2718 3082 2725 3091 .

389 3142 456 3151 —
495 3116 590 3165 182
625 3113 696 3178 δὴ
743 3112 812 3178 ῥὰ
851 3110 906 3162 L.
957 3140 1018 3150 —-
1067 3115 1164 3164 183
1198 3110 1320 3177 ἴδη(
1367 3111 1432 3165 ὲκ
1468 3108 1533 3164 G.
1581 3111 1894 3178 πηδηέςςης
1931 3110 1997 3163 G.
2044 3146 2107 3155 --
2158 3112 2253 3163 184
2297 3110 2357 3164 δὲ
2393 3114 2678 3177 ςτεροπὴν

390 3212 531 3268 CDE
566 3218 683 3278 839,
725 3218 787 3266 10
823 3209 987 3265 GHL.
1031 3213 1093 3266 δὲ
1126 3194 1409 3280 ἕτεροπήν
1445 3212 1509 3264 A.
1549 3241 1611 3250 -
1653 3216 1749 3265 185
1786 3212 2040 3280 ὤτρυνεν
2075 3209 2142 3264 D.
2188 3212 2572 3280 χρυςόπτερον
2608 3211 2673 3265 Α.

388 3345 454 3354 -
504 3319 599 3368 186
643 3313 863 3369 ὲνιεπεε
910 3314 983 3366 A:
1030 3314 1218 3367 ενιεπε
1263 3311 1548 3368 CDGHLS
1596 3311 1778 3368 Schol.
1828 3311 2108 3381 Aristoph.
2157 3311 2256 3366 Av.
2298 3280 2419 3367 35.
2467 3343 2531 3352 -
2584 3318 2676 3366 187

389 3384 542 3450 ὄφρα
588 3383 691 3447 μέν
724 3379 838 3437 HL.
884 3410 945 3418 —
1001 3386 1093 3448 189
1128 3384 1358 3449 ἀναχωρ
1398 3397 1484 3434 τω
1519 3379 1735 3434 Townl.
1781 3381 2009 3447 ἀνάχθω
2048 3380 2103 3433 L.
2158 3410 2215 3418 -
2268 3387 2361 3434 190
2394 3384 2571 3451 δῄοιςϊ
2608 3381 2673 3435 Η.

388 3467 532 3504 κατα
570 3450 632 3505 Δ.
670 3485 731 3494 --
773 3455 868 3502 192
905 3450 1099 3503 ἅλεται
1135 3447 1332 3502 EGHL
1415 3451 1452 3503 t.
1493 3448 1713 3502 Orionis
1748 3456 1831 3514 65,
1873 3455 1918 3501 1.
1953 3450 2198 3513 ἅΙζῑλεται
2235 3446 2293 3502 C.
2329 3449 2560 3504 ἅλλεται
2586 3449 2673 3504 Et.

388 3516 502 3587 ΜΒ.
541 3523 624 3582 59,
662 3524 753 3576 13:
791 3523 909 3581 307,
953 3523 1028 3568 11.
1079 3518 1270 3570 ἅλεται
1306 3516 1356 3570 A
1391 3515 1586 3571 Zonar.
1632 3516 1760 3570 Lex.
1797 3522 1914 3574 593.
1967 3519 2163 3570 άλεται
2198 3515 2262 3570 D.
2309 3518 2444 3571 τότέ
2479 3518 2534 3572 οἱ
2570 3517 2673 3571 CL.

387 3615 450 3624 —-
493 3590 588 3640 193
624 3586 805 3640 είςόκε
842 3583 989 3638 libri.
1024 3585 1325 3646 ἐϋςέλμους
1362 3583 1524 3638 CDG.
1561 3613 1627 3623 -
1669 3590 1765 3638 194
1799 3586 1893 3640 ἐπι
1929 3584 2099 3640 ADH.
2147 3585 2302 3638 ἔλθοι
2339 3584 2379 3639 C
2416 3584 2583 3639 Mose.
2623 3594 2671 3641 3.

386 3682 452 3692 --
492 3658 588 3709 195
631 3655 712 3708 ὡς
756 3653 820 3706 Α.
870 3683 925 3691 -
984 3658 1075 3706 198
1112 3655 1430 3720 κολλητοῖςι
1464 3651 1533 3706 D.
1579 3681 1644 3691 —
1690 3659 1785 3707 :201
1830 3655 1970 3721 τεὴν
2015 3651 2081 3706 D.
2124 3681 2187 3691 -
2237 3654 2523 3721 202‚6q>pa
2569 3655 2672 3719 μέν

387 3739 486 3776 κεν
522 3722 695 3790 ὁράᾳς
730 3718 914 3777 Schol.
954 3720 998 3775 Α
1036 3725 1152 3775 225.

384 3909 499 3961 stat
532 3906 605 3960 ad
642 3922 769 3960 enm
803 3905 1076 3960 scholium
1111 3904 1427 3961 Aristonici.
1484 3907 1807 3973 Ζηνόδοτος
1844 3908 1949 3960 οὐκ
1972 3907 2239 3973 ἔγραφεν,
2269 3906 2602 3974 Ἀριςτοφάν
2642 3925 2670 3962 ς

385 3978 447 4030 δὲ
483 3976 671 4042 ἠθέτει
705 3976 809 4028 τὸν
845 3974 1186 4042 ,,Ἀτρείδεω
1223 3976 1338 4030 ὑπὸ
1383 3990 1444 4041 χε
1513 3975 1604 4029 ίν“
1640 3973 1982 4041 Didymus.
2044 3974 2353 4051 secuqdum
2398 3924 2670 4032 801101,λῖ

387 4041 785 4111 Aristophanes
831 4043 1132 4110 utrumque
1176 4041 1369 4107 eiecit,
1458 4040 1734 4096 enodotns
1767 4044 2056 4107 neutrum,
2104 4041 2208 4095 nisi
2246 4041 2390 4095 sorte
2425 4041 2669 4097 scriben-

383 4112 520 4165 dum
556 4112 642 4164 eet
661 4111 985 4177 Ζηνόδοτος
1020 4112 1086 4166 δὲ
1115 4112 1184 4165 οὐ
1217 4110 1437 4178 γράφει.

518 4179 582 4232 Δ.
610 4195 658 4232 ο.
725 4183 821 4232 184
853 4177 1184 4247 ἀρίςταρχος
1209 4178 1349 4244 μετὰ
1372 4183 1477 4232 τοῦ
1511 4182 1549 4232 ἃ
1574 4178 1896 4245 ἁςτεροπήν
1920 4176 2050 4230 1)ίά
2107 4195 2274 4242 mue,
2313 4178 2456 4234 conf.
2487 4181 2525 4232 Κ
2562 4185 2669 4246 154,

383 4249 425 4300 Λ
461 4251 544 4301 θθ.
583 4274 649 4286 -
688 4251 785 4302 186
819 4247 973 4313 βάςκ’
1017 4247 1118 4302 ἴθιε
1157 4246 1366 4314 βάςκιθι
1409 4244 1713 4316 TyranniO,
1757 4244 1901 4299 conf.
1947 4244 2020 4299 ad
2134 4251 2183 4301 8.
2228 4276 2284 4284 -
2347 4252 2437 4300 192
2474 4249 2666 4302 ἅλεται

381 4312 749 4370 Herodianus.
