<?xml version="1.0" encoding="UTF-8"?>
<!DOCTYPE html PUBLIC "-//W3C//DTD XHTML 1.0 Transitional//EN"
    "http://www.w3.org/TR/xhtml1/DTD/xhtml1-transitional.dtd">
<html xmlns="http://www.w3.org/1999/xhtml" xml:lang="en" lang="en">
 <head>
  <title>
</title>
<meta http-equiv="Content-Type" content="text/html;charset=utf-8" />
  <meta name='ocr-system' content='tesseract 3.04.00' />
  <meta name='ocr-capabilities' content='ocr_page ocr_carea ocr_par ocr_line ocrx_word'/>
</head>
<body>
  <div class='ocr_page' id='page_1' title='image "./iliasadfidemlib00homegoog_0255.png"; bbox 0 0 3144 5006; ppageno 0'>
   <div class='ocr_carea' id='block_1_1' title="bbox 1394 375 2769 440">
    <p class='ocr_par' dir='ltr' id='par_1_1' title="bbox 1394 375 2769 440">
     <span class='ocr_line' id='line_1_1' title="bbox 1394 375 2769 440; baseline 0.005 -8"><span class='ocrx_word' id='word_1_1' title='bbox 1394 376 1728 432; x_wconf 78' lang='grc' dir='ltr'>ΙΛΙΑΔΟΕ</span> <span class='ocrx_word' id='word_1_2' title='bbox 1776 375 1867 435; x_wconf 83' lang='grc' dir='ltr'><strong>ΙΧ.</strong></span> <span class='ocrx_word' id='word_1_3' title='bbox 2641 375 2769 440; x_wconf 79' lang='grc'>245</span> 
     </span>
    </p>
   </div>
   <div class='ocr_carea' id='block_1_2' title="bbox 480 530 2546 2441">
    <p class='ocr_par' dir='ltr' id='par_1_2' title="bbox 480 530 2546 2441">
     <span class='ocr_line' id='line_1_2' title="bbox 648 530 2280 614; baseline -0.001 -17"><span class='ocrx_word' id='word_1_4' title='bbox 648 531 792 598; x_wconf 83' lang='grc' dir='ltr'>ἀλλ’</span> <span class='ocrx_word' id='word_1_5' title='bbox 834 531 974 597; x_wconf 83' lang='grc' dir='ltr'>ἐπεὶ</span> <span class='ocrx_word' id='word_1_6' title='bbox 1018 530 1304 611; x_wconf 86' lang='grc' dir='ltr'>ἀαςάμην</span> <span class='ocrx_word' id='word_1_7' title='bbox 1348 531 1532 612; x_wconf 86' lang='grc' dir='ltr'>φρεςὶ</span> <span class='ocrx_word' id='word_1_8' title='bbox 1578 532 1948 614; x_wconf 86' lang='grc' dir='ltr'>λευγαλέῃςι</span> <span class='ocrx_word' id='word_1_9' title='bbox 1993 533 2280 613; x_wconf 88' lang='grc' dir='ltr'>πιθήςας,</span> 
     </span>
     <span class='ocr_line' id='line_1_3' title="bbox 486 628 2303 714; baseline 0 -17"><span class='ocrx_word' id='word_1_10' title='bbox 486 641 607 699; x_wconf 94' lang='grc'>120</span> <span class='ocrx_word' id='word_1_11' title='bbox 650 634 744 714; x_wconf 85' lang='grc' dir='ltr'>ἂψ</span> <span class='ocrx_word' id='word_1_12' title='bbox 790 634 994 699; x_wconf 83' lang='grc' dir='ltr'>ἐθέλω</span> <span class='ocrx_word' id='word_1_13' title='bbox 1040 634 1258 712; x_wconf 90' lang='grc' dir='ltr'>ἀρέςαι</span> <span class='ocrx_word' id='word_1_14' title='bbox 1302 632 1564 712; x_wconf 83' lang='grc' dir='ltr'>δόμεναί</span> <span class='ocrx_word' id='word_1_15' title='bbox 1608 633 1663 697; x_wconf 85' lang='grc' dir='ltr'>τ’</span> <span class='ocrx_word' id='word_1_16' title='bbox 1705 628 2005 712; x_wconf 81' lang='grc' dir='ltr'>ἀπερεῖςι’</span> <span class='ocrx_word' id='word_1_17' title='bbox 2047 632 2303 713; x_wconf 87' lang='grc' dir='ltr'>ἄποινα.</span> 
     </span>
     <span class='ocr_line' id='line_1_4' title="bbox 647 733 2305 821; baseline 0 -22"><span class='ocrx_word' id='word_1_18' title='bbox 647 733 793 816; x_wconf 84' lang='grc' dir='ltr'>ὑμῖν</span> <span class='ocrx_word' id='word_1_19' title='bbox 840 736 907 821; x_wconf 17' lang='grc' dir='ltr'>δ’,</span> <span class='ocrx_word' id='word_1_20' title='bbox 941 736 1012 801; x_wconf 81' lang='grc' dir='ltr'>ἐν</span> <span class='ocrx_word' id='word_1_21' title='bbox 1056 734 1350 800; x_wconf 87' lang='grc' dir='ltr'>πάντεςςι</span> <span class='ocrx_word' id='word_1_22' title='bbox 1394 735 1737 814; x_wconf 81' lang='grc' dir='ltr'>περικλυτὰ</span> <span class='ocrx_word' id='word_1_23' title='bbox 1781 734 1935 813; x_wconf 87' lang='grc' dir='ltr'>δῶρ’</span> <span class='ocrx_word' id='word_1_24' title='bbox 1979 734 2305 815; x_wconf 87' lang='grc' dir='ltr'>ὀνομήνω,</span> 
     </span>
     <span class='ocr_line' id='line_1_5' title="bbox 647 835 2468 920; baseline -0.002 -17"><span class='ocrx_word' id='word_1_25' title='bbox 647 837 785 903; x_wconf 77' lang='grc' dir='ltr'>ἕπτ’</span> <span class='ocrx_word' id='word_1_26' title='bbox 828 836 1119 917; x_wconf 79' lang='grc' dir='ltr'>ἀπύρου(</span> <span class='ocrx_word' id='word_1_27' title='bbox 1161 835 1501 920; x_wconf 86' lang='grc' dir='ltr'>τρίποδας,</span> <span class='ocrx_word' id='word_1_28' title='bbox 1547 836 1702 903; x_wconf 85' lang='grc' dir='ltr'>δέκα</span> <span class='ocrx_word' id='word_1_29' title='bbox 1744 837 1815 902; x_wconf 79' lang='grc' dir='ltr'>δὲ</span> <span class='ocrx_word' id='word_1_30' title='bbox 1859 840 2122 915; x_wconf 87' lang='grc' dir='ltr'>χρυςοῖο</span> <span class='ocrx_word' id='word_1_31' title='bbox 2166 836 2468 918; x_wconf 87' lang='grc' dir='ltr'>τάλαντα,</span> 
     </span>
     <span class='ocr_line' id='line_1_6' title="bbox 648 930 2340 1021; baseline 0.001 -18"><span class='ocrx_word' id='word_1_32' title='bbox 648 937 928 1005; x_wconf 87' lang='grc' dir='ltr'>αἴθωνας</span> <span class='ocrx_word' id='word_1_33' title='bbox 973 939 1044 1003; x_wconf 78' lang='grc' dir='ltr'>δὲ</span> <span class='ocrx_word' id='word_1_34' title='bbox 1090 938 1357 1018; x_wconf 88' lang='grc' dir='ltr'>λέβητας</span> <span class='ocrx_word' id='word_1_35' title='bbox 1401 938 1659 1021; x_wconf 83' lang='grc' dir='ltr'>ἑείκοςι,</span> <span class='ocrx_word' id='word_1_36' title='bbox 1707 930 1958 1004; x_wconf 81' lang='grc' dir='ltr'>δώδεκα</span> <span class='ocrx_word' id='word_1_37' title='bbox 2003 937 2059 1001; x_wconf 79' lang='grc' dir='ltr'>δ’</span> <span class='ocrx_word' id='word_1_38' title='bbox 2098 937 2340 1004; x_wconf 82' lang='grc' dir='ltr'>ἵππους</span> 
     </span>
     <span class='ocr_line' id='line_1_7' title="bbox 646 1038 2337 1124; baseline -0.002 -18"><span class='ocrx_word' id='word_1_39' title='bbox 646 1041 894 1119; x_wconf 83' lang='grc' dir='ltr'>πηγοὺς</span> <span class='ocrx_word' id='word_1_40' title='bbox 937 1039 1387 1124; x_wconf 89' lang='grc' dir='ltr'>ἀθλοφόρους,</span> <span class='ocrx_word' id='word_1_41' title='bbox 1434 1041 1501 1105; x_wconf 84' lang='grc' dir='ltr'>οἳ</span> <span class='ocrx_word' id='word_1_42' title='bbox 1543 1038 1770 1105; x_wconf 85' lang='grc' dir='ltr'>ἀέθλια</span> <span class='ocrx_word' id='word_1_43' title='bbox 1813 1039 2033 1105; x_wconf 89' lang='grc' dir='ltr'>ποςςὶν</span> <span class='ocrx_word' id='word_1_44' title='bbox 2079 1038 2337 1118; x_wconf 85' lang='grc' dir='ltr'>ἄροντο.</span> 
     </span>
     <span class='ocr_line' id='line_1_8' title="bbox 484 1140 2193 1225; baseline -0.001 -20"><span class='ocrx_word' id='word_1_45' title='bbox 484 1148 602 1207; x_wconf 86' lang='grc'>125</span> <span class='ocrx_word' id='word_1_46' title='bbox 650 1142 729 1207; x_wconf 86' lang='grc' dir='ltr'>οὔ</span> <span class='ocrx_word' id='word_1_47' title='bbox 775 1164 883 1208; x_wconf 91' lang='grc' dir='ltr'>κεν</span> <span class='ocrx_word' id='word_1_48' title='bbox 929 1142 1152 1221; x_wconf 89' lang='grc' dir='ltr'>ἀλήιος</span> <span class='ocrx_word' id='word_1_49' title='bbox 1198 1140 1293 1221; x_wconf 85' lang='grc' dir='ltr'>εἴη</span> <span class='ocrx_word' id='word_1_50' title='bbox 1339 1140 1537 1225; x_wconf 88' lang='grc' dir='ltr'>ἀνήρ,</span> <span class='ocrx_word' id='word_1_51' title='bbox 1584 1142 1637 1225; x_wconf 86' lang='grc' dir='ltr'>ᾧ</span> <span class='ocrx_word' id='word_1_52' title='bbox 1682 1142 1871 1207; x_wconf 91' lang='grc' dir='ltr'>τόςςα</span> <span class='ocrx_word' id='word_1_53' title='bbox 1911 1142 2193 1223; x_wconf 86' lang='grc' dir='ltr'>γένοιτο,</span> 
     </span>
     <span class='ocr_line' id='line_1_9' title="bbox 646 1243 1978 1325; baseline -0.004 -14"><span class='ocrx_word' id='word_1_54' title='bbox 646 1244 803 1311; x_wconf 86' lang='grc' dir='ltr'>οὐδέ</span> <span class='ocrx_word' id='word_1_55' title='bbox 846 1265 955 1310; x_wconf 92' lang='grc' dir='ltr'>κεν</span> <span class='ocrx_word' id='word_1_56' title='bbox 1001 1243 1301 1324; x_wconf 86' lang='grc' dir='ltr'>ἀκτήμων</span> <span class='ocrx_word' id='word_1_57' title='bbox 1348 1243 1652 1324; x_wconf 81' lang='grc' dir='ltr'>ἐριτίμοιο</span> <span class='ocrx_word' id='word_1_58' title='bbox 1693 1245 1978 1325; x_wconf 84' lang='grc' dir='ltr'>χρυςοῖο,</span> 
     </span>
     <span class='ocr_line' id='line_1_10' title="bbox 648 1342 2177 1424; baseline 0 -15"><span class='ocrx_word' id='word_1_59' title='bbox 648 1343 800 1411; x_wconf 88' lang='grc' dir='ltr'>ὅςςά</span> <span class='ocrx_word' id='word_1_60' title='bbox 843 1345 1331 1424; x_wconf 82' lang='grc' dir='ltr'>μοι.ἠνείκαντο</span> <span class='ocrx_word' id='word_1_61' title='bbox 1377 1342 1598 1410; x_wconf 84' lang='grc' dir='ltr'>ἀέθλια</span> <span class='ocrx_word' id='word_1_62' title='bbox 1641 1345 1931 1424; x_wconf 87' lang='grc' dir='ltr'>μώνυχες</span> <span class='ocrx_word' id='word_1_63' title='bbox 1970 1343 2177 1409; x_wconf 86' lang='grc' dir='ltr'>ἵπποι.</span> 
     </span>
     <span class='ocr_line' id='line_1_11' title="bbox 646 1445 2299 1528; baseline -0.001 -18"><span class='ocrx_word' id='word_1_64' title='bbox 646 1446 833 1513; x_wconf 86' lang='grc' dir='ltr'>δώςω</span> <span class='ocrx_word' id='word_1_65' title='bbox 880 1447 937 1513; x_wconf 82' lang='grc' dir='ltr'>δ’</span> <span class='ocrx_word' id='word_1_66' title='bbox 980 1447 1141 1512; x_wconf 88' lang='grc' dir='ltr'>ἑπτὰ</span> <span class='ocrx_word' id='word_1_67' title='bbox 1183 1449 1489 1522; x_wconf 87' lang='grc' dir='ltr'>γυναῖκας</span> <span class='ocrx_word' id='word_1_68' title='bbox 1533 1445 1831 1527; x_wconf 90' lang='grc' dir='ltr'>ἀμύμονα</span> <span class='ocrx_word' id='word_1_69' title='bbox 1875 1446 2035 1525; x_wconf 89' lang='grc' dir='ltr'>ἔργα</span> <span class='ocrx_word' id='word_1_70' title='bbox 2078 1445 2299 1528; x_wconf 81' lang='grc' dir='ltr'>ἰδυίας,</span> 
     </span>
     <span class='ocr_line' id='line_1_12' title="bbox 644 1546 2414 1632; baseline -0.001 -18"><span class='ocrx_word' id='word_1_71' title='bbox 644 1548 973 1632; x_wconf 85' lang='grc' dir='ltr'>Λεςβίδας,</span> <span class='ocrx_word' id='word_1_72' title='bbox 1017 1548 1114 1631; x_wconf 86' lang='grc' dir='ltr'>ἅς,</span> <span class='ocrx_word' id='word_1_73' title='bbox 1160 1548 1269 1614; x_wconf 87' lang='grc' dir='ltr'>ὅτε</span> <span class='ocrx_word' id='word_1_74' title='bbox 1311 1548 1552 1629; x_wconf 84' lang='grc' dir='ltr'>Λέςβον</span> <span class='ocrx_word' id='word_1_75' title='bbox 1598 1547 1965 1627; x_wconf 82' lang='grc' dir='ltr'>ἐυκτιμένην</span> <span class='ocrx_word' id='word_1_76' title='bbox 2009 1547 2154 1612; x_wconf 80' lang='grc' dir='ltr'>ἕλεν</span> <span class='ocrx_word' id='word_1_77' title='bbox 2198 1546 2414 1630; x_wconf 87' lang='grc' dir='ltr'>αὐτός,</span> 
     </span>
     <span class='ocr_line' id='line_1_13' title="bbox 480 1648 2236 1732; baseline 0.002 -21"><span class='ocrx_word' id='word_1_78' title='bbox 480 1655 602 1714; x_wconf 87' lang='grc'>130</span> <span class='ocrx_word' id='word_1_79' title='bbox 645 1650 984 1732; x_wconf 85' lang='grc' dir='ltr'>ἐξελόμην,</span> <span class='ocrx_word' id='word_1_80' title='bbox 1029 1650 1098 1715; x_wconf 89' lang='grc' dir='ltr'>αἳ</span> <span class='ocrx_word' id='word_1_81' title='bbox 1141 1648 1357 1714; x_wconf 87' lang='grc' dir='ltr'>κάλλει</span> <span class='ocrx_word' id='word_1_82' title='bbox 1400 1649 1631 1715; x_wconf 83' lang='grc' dir='ltr'>ἐνίκων</span> <span class='ocrx_word' id='word_1_83' title='bbox 1676 1652 1854 1730; x_wconf 86' lang='grc' dir='ltr'>φῦλα</span> <span class='ocrx_word' id='word_1_84' title='bbox 1896 1651 2236 1725; x_wconf 86' lang='grc' dir='ltr'>γυναικῶν.</span> 
     </span>
     <span class='ocr_line' id='line_1_14' title="bbox 641 1748 2546 1834; baseline -0.001 -18"><span class='ocrx_word' id='word_1_85' title='bbox 641 1753 756 1818; x_wconf 87' lang='grc' dir='ltr'>τὰς</span> <span class='ocrx_word' id='word_1_86' title='bbox 800 1752 916 1831; x_wconf 85' lang='grc' dir='ltr'>μέν</span> <span class='ocrx_word' id='word_1_87' title='bbox 961 1750 1023 1817; x_wconf 85' lang='grc' dir='ltr'>οἱ</span> <span class='ocrx_word' id='word_1_88' title='bbox 1067 1750 1284 1833; x_wconf 86' lang='grc' dir='ltr'>δώςω,</span> <span class='ocrx_word' id='word_1_89' title='bbox 1330 1751 1486 1831; x_wconf 85' lang='grc' dir='ltr'>μετὰ</span> <span class='ocrx_word' id='word_1_90' title='bbox 1531 1750 1588 1814; x_wconf 76' lang='grc' dir='ltr'>δ’</span> <span class='ocrx_word' id='word_1_91' title='bbox 1632 1748 1868 1815; x_wconf 82' lang='grc' dir='ltr'>ἔςςεται</span> <span class='ocrx_word' id='word_1_92' title='bbox 1914 1751 1994 1829; x_wconf 84' lang='grc' dir='ltr'>ἣν</span> <span class='ocrx_word' id='word_1_93' title='bbox 2038 1749 2170 1814; x_wconf 79' lang='grc' dir='ltr'>τότ’</span> <span class='ocrx_word' id='word_1_94' title='bbox 2213 1748 2546 1834; x_wconf 88' lang='grc' dir='ltr'>ἀπηύρων,</span> 
     </span>
     <span class='ocr_line' id='line_1_15' title="bbox 644 1850 2267 1935; baseline -0.001 -18"><span class='ocrx_word' id='word_1_95' title='bbox 644 1851 842 1932; x_wconf 88' lang='grc' dir='ltr'>κούρη</span> <span class='ocrx_word' id='word_1_96' title='bbox 889 1854 1182 1933; x_wconf 86' lang='grc' dir='ltr'>Βριςῆος·</span> <span class='ocrx_word' id='word_1_97' title='bbox 1229 1851 1333 1916; x_wconf 87' lang='grc' dir='ltr'>ἐπὶ</span> <span class='ocrx_word' id='word_1_98' title='bbox 1377 1853 1448 1935; x_wconf 77' lang='grc' dir='ltr'>δὲ</span> <span class='ocrx_word' id='word_1_99' title='bbox 1492 1851 1693 1932; x_wconf 88' lang='grc' dir='ltr'>μέγαν</span> <span class='ocrx_word' id='word_1_100' title='bbox 1740 1850 1938 1931; x_wconf 89' lang='grc' dir='ltr'>ὅρκον</span> <span class='ocrx_word' id='word_1_101' title='bbox 1990 1851 2267 1931; x_wconf 85' lang='grc' dir='ltr'>ὀμοῦμαι</span> 
     </span>
     <span class='ocr_line' id='line_1_16' title="bbox 642 1952 2213 2035; baseline -0.001 -17"><span class='ocrx_word' id='word_1_102' title='bbox 642 1955 725 2033; x_wconf 93' lang='grc' dir='ltr'>μή</span> <span class='ocrx_word' id='word_1_103' title='bbox 769 1974 930 2019; x_wconf 90' lang='grc' dir='ltr'>ποτε</span> <span class='ocrx_word' id='word_1_104' title='bbox 974 1958 1085 2033; x_wconf 87' lang='grc' dir='ltr'>τῆς</span> <span class='ocrx_word' id='word_1_105' title='bbox 1130 1952 1321 2031; x_wconf 83' lang='grc' dir='ltr'>εὐνῆς</span> <span class='ocrx_word' id='word_1_106' title='bbox 1364 1952 1735 2034; x_wconf 83' lang='grc' dir='ltr'>ἐπιβήμεναι</span> <span class='ocrx_word' id='word_1_107' title='bbox 1778 1954 1893 2031; x_wconf 78' lang='grc' dir='ltr'>ἠδὲ</span> <span class='ocrx_word' id='word_1_108' title='bbox 1937 1957 2213 2035; x_wconf 87' lang='grc' dir='ltr'>μιγῆναι,</span> 
     </span>
     <span class='ocr_line' id='line_1_17' title="bbox 641 2053 2407 2136; baseline -0.002 -16"><span class='ocrx_word' id='word_1_109' title='bbox 641 2056 681 2134; x_wconf 86' lang='grc' dir='ltr'>ἣ</span> <span class='ocrx_word' id='word_1_110' title='bbox 725 2054 898 2136; x_wconf 85' lang='grc' dir='ltr'>θέμις</span> <span class='ocrx_word' id='word_1_111' title='bbox 942 2054 1308 2134; x_wconf 85' lang='grc' dir='ltr'>ἀνθρώπων</span> <span class='ocrx_word' id='word_1_112' title='bbox 1354 2055 1566 2136; x_wconf 85' lang='grc' dir='ltr'>πέλει,</span> <span class='ocrx_word' id='word_1_113' title='bbox 1613 2054 1871 2135; x_wconf 87' lang='grc' dir='ltr'>ἀνδρῶν</span> <span class='ocrx_word' id='word_1_114' title='bbox 1915 2053 2030 2133; x_wconf 80' lang='grc' dir='ltr'>ἠδὲ</span> <span class='ocrx_word' id='word_1_115' title='bbox 2073 2059 2407 2131; x_wconf 86' lang='grc' dir='ltr'>γυναικῶν.</span> 
     </span>
     <span class='ocr_line' id='line_1_18' title="bbox 480 2155 2532 2237; baseline 0.001 -19"><span class='ocrx_word' id='word_1_116' title='bbox 480 2160 596 2220; x_wconf 89' lang='grc'>135</span> <span class='ocrx_word' id='word_1_117' title='bbox 643 2160 841 2222; x_wconf 82' lang='grc' dir='ltr'>ταῦτα</span> <span class='ocrx_word' id='word_1_118' title='bbox 885 2159 1000 2237; x_wconf 82' lang='grc' dir='ltr'>μὲν</span> <span class='ocrx_word' id='word_1_119' title='bbox 1046 2155 1269 2222; x_wconf 82' lang='grc' dir='ltr'>αὐτίκα</span> <span class='ocrx_word' id='word_1_120' title='bbox 1312 2155 1524 2220; x_wconf 86' lang='grc' dir='ltr'>πάντα</span> <span class='ocrx_word' id='word_1_121' title='bbox 1566 2156 1967 2236; x_wconf 85' lang='grc' dir='ltr'>παρέςςεται·</span> <span class='ocrx_word' id='word_1_122' title='bbox 2013 2156 2066 2222; x_wconf 84' lang='grc' dir='ltr'>εἰ</span> <span class='ocrx_word' id='word_1_123' title='bbox 2109 2157 2180 2221; x_wconf 85' lang='grc' dir='ltr'>δέ</span> <span class='ocrx_word' id='word_1_124' title='bbox 2226 2177 2335 2223; x_wconf 93' lang='grc' dir='ltr'>κεν</span> <span class='ocrx_word' id='word_1_125' title='bbox 2381 2155 2532 2221; x_wconf 85' lang='grc' dir='ltr'>αὖτε</span> 
     </span>
     <span class='ocr_line' id='line_1_19' title="bbox 645 2257 2178 2341; baseline -0.001 -17"><span class='ocrx_word' id='word_1_126' title='bbox 645 2257 797 2324; x_wconf 86' lang='grc' dir='ltr'>ἄςτυ</span> <span class='ocrx_word' id='word_1_127' title='bbox 841 2259 1002 2338; x_wconf 82' lang='grc' dir='ltr'>μέγα</span> <span class='ocrx_word' id='word_1_128' title='bbox 1043 2259 1362 2338; x_wconf 87' lang='grc' dir='ltr'>Πριάμοιο</span> <span class='ocrx_word' id='word_1_129' title='bbox 1405 2259 1545 2324; x_wconf 85' lang='grc' dir='ltr'>θεοὶ</span> <span class='ocrx_word' id='word_1_130' title='bbox 1589 2258 1798 2324; x_wconf 78' lang='grc' dir='ltr'>δώως’</span> <span class='ocrx_word' id='word_1_131' title='bbox 1839 2257 2178 2341; x_wconf 84' lang='grc' dir='ltr'>ἀλαπάξαι,</span> 
     </span>
     <span class='ocr_line' id='line_1_20' title="bbox 643 2359 2042 2441; baseline -0.001 -16"><span class='ocrx_word' id='word_1_132' title='bbox 643 2363 767 2438; x_wconf 85' lang='grc' dir='ltr'>νῆα</span> <span class='ocrx_word' id='word_1_133' title='bbox 812 2359 950 2425; x_wconf 87' lang='grc' dir='ltr'>ἅλις</span> <span class='ocrx_word' id='word_1_134' title='bbox 995 2364 1232 2440; x_wconf 83' lang='grc' dir='ltr'>χρυςοῦ</span> <span class='ocrx_word' id='word_1_135' title='bbox 1277 2361 1380 2424; x_wconf 75' lang='grc' dir='ltr'>καὶ</span> <span class='ocrx_word' id='word_1_136' title='bbox 1422 2361 1665 2439; x_wconf 84' lang='grc' dir='ltr'>χαλκοῦ</span> <span class='ocrx_word' id='word_1_137' title='bbox 1710 2360 2042 2441; x_wconf 86' lang='grc' dir='ltr'>νηηςάςθω</span> 
     </span>
    </p>
   </div>
   <div class='ocr_carea' id='block_1_3' title="bbox 607 2575 2746 2647">
    <p class='ocr_par' dir='ltr' id='par_1_3' title="bbox 607 2575 2746 2647">
     <span class='ocr_line' id='line_1_21' title="bbox 607 2575 2746 2647; baseline 0.001 -17"><span class='ocrx_word' id='word_1_138' title='bbox 607 2576 678 2633; x_wconf 89' lang='lat' dir='ltr'>V.</span> <span class='ocrx_word' id='word_1_139' title='bbox 717 2596 764 2632; x_wconf 84' lang='lat'>1..</span> <span class='ocrx_word' id='word_1_140' title='bbox 820 2584 883 2632; x_wconf 84' lang='lat'>19</span> <span class='ocrx_word' id='word_1_141' title='bbox 920 2579 1264 2643; x_wconf 85' lang='grc' dir='ltr'>λευγαλέοιςι</span> <span class='ocrx_word' id='word_1_142' title='bbox 1299 2577 1348 2632; x_wconf 79' lang='lat' dir='ltr'>G</span> <span class='ocrx_word' id='word_1_143' title='bbox 1375 2577 1533 2633; x_wconf 84' lang='lat' dir='ltr'><strong>Cant.</strong></span> <span class='ocrx_word' id='word_1_144' title='bbox 1570 2578 1709 2632; x_wconf 87' lang='lat' dir='ltr'><strong>Mor.</strong></span> <span class='ocrx_word' id='word_1_145' title='bbox 1746 2608 1811 2618; x_wconf 88' lang='lat'>-</span> <span class='ocrx_word' id='word_1_146' title='bbox 1838 2584 1948 2633; x_wconf 71' lang='grc'><strong>120</strong></span> <span class='ocrx_word' id='word_1_147' title='bbox 1982 2578 2337 2647; x_wconf 50' lang='grc' dir='ltr'>ἀπειρέςιῗθ.</span> <span class='ocrx_word' id='word_1_148' title='bbox 2373 2611 2439 2620; x_wconf 89' lang='grc'>-</span> <span class='ocrx_word' id='word_1_149' title='bbox 2483 2586 2574 2634; x_wconf 89' lang='grc'>122</span> <span class='ocrx_word' id='word_1_150' title='bbox 2612 2575 2746 2635; x_wconf 75' lang='grc' dir='ltr'>ἑπτ”</span> 
     </span>
    </p>
   </div>
   <div class='ocr_carea' id='block_1_4' title="bbox 470 2644 2754 2818">
    <p class='ocr_par' dir='ltr' id='par_1_4' title="bbox 470 2644 2754 2818">
     <span class='ocr_line' id='line_1_22' title="bbox 470 2644 2754 2715; baseline 0.001 -16"><span class='ocrx_word' id='word_1_151' title='bbox 470 2644 538 2712; x_wconf 82' lang='lat' dir='ltr'>A,</span> <span class='ocrx_word' id='word_1_152' title='bbox 575 2646 641 2699; x_wconf 87' lang='lat' dir='ltr'>ut</span> <span class='ocrx_word' id='word_1_153' title='bbox 674 2649 756 2704; x_wconf 82' lang='grc'><strong>86.</strong></span> <span class='ocrx_word' id='word_1_154' title='bbox 792 2676 858 2686; x_wconf 93' lang='grc'><strong>-</strong></span> <span class='ocrx_word' id='word_1_155' title='bbox 896 2651 994 2701; x_wconf 84' lang='grc'>124</span> <span class='ocrx_word' id='word_1_156' title='bbox 1027 2647 1386 2715; x_wconf 83' lang='grc' dir='ltr'>ἀθλοφόρους</span> <span class='ocrx_word' id='word_1_157' title='bbox 1421 2649 1487 2700; x_wconf 91' lang='grc' dir='ltr'><strong>Α.</strong></span> <span class='ocrx_word' id='word_1_158' title='bbox 1523 2649 1720 2702; x_wconf 81' lang='grc' dir='ltr'>ποςςὶν</span> <span class='ocrx_word' id='word_1_159' title='bbox 1755 2648 1965 2713; x_wconf 79' lang='grc' dir='ltr'>ἀγοντο</span> <span class='ocrx_word' id='word_1_160' title='bbox 1990 2646 2049 2702; x_wconf 89' lang='lat' dir='ltr'>L.</span> <span class='ocrx_word' id='word_1_161' title='bbox 2085 2651 2247 2703; x_wconf 80' lang='grc' dir='ltr'>ποςίν</span> <span class='ocrx_word' id='word_1_162' title='bbox 2282 2647 2379 2702; x_wconf 88' lang='lat' dir='ltr'>EG</span> <span class='ocrx_word' id='word_1_163' title='bbox 2421 2654 2466 2702; x_wconf 93' lang='lat'><strong>1.</strong></span> <span class='ocrx_word' id='word_1_164' title='bbox 2506 2663 2653 2702; x_wconf 82' lang='lat' dir='ltr'><strong>man.</strong></span> <span class='ocrx_word' id='word_1_165' title='bbox 2688 2685 2754 2694; x_wconf 85' lang='lat'>--</span> 
     </span>
     <span class='ocr_line' id='line_1_23' title="bbox 473 2713 2752 2818; baseline 0.003 -18"><span class='ocrx_word' id='word_1_166' title='bbox 473 2752 569 2800; x_wconf 89' lang='grc'>127</span> <span class='ocrx_word' id='word_1_167' title='bbox 607 2749 737 2802; x_wconf 84' lang='grc' dir='ltr'>ὅςςά</span> <span class='ocrx_word' id='word_1_168' title='bbox 772 2765 862 2813; x_wconf 91' lang='grc' dir='ltr'>μοι</span> <span class='ocrx_word' id='word_1_169' title='bbox 896 2745 1040 2802; x_wconf 85' lang='lat' dir='ltr'>ACD</span> <span class='ocrx_word' id='word_1_170' title='bbox 1078 2713 1316 2802; x_wconf 33' lang='lat' dir='ltr'><strong>2f5an.</strong></span> <span class='ocrx_word' id='word_1_171' title='bbox 1354 2746 1423 2801; x_wconf 91' lang='lat' dir='ltr'>H.</span> <span class='ocrx_word' id='word_1_172' title='bbox 1470 2766 1561 2815; x_wconf 88' lang='grc' dir='ltr'>μοι</span> <span class='ocrx_word' id='word_1_173' title='bbox 1606 2748 1786 2803; x_wconf 86' lang='lat' dir='ltr'><strong>omitt.</strong></span> <span class='ocrx_word' id='word_1_174' title='bbox 1823 2747 1873 2801; x_wconf 93' lang='lat' dir='ltr'><strong>D</strong></span> <span class='ocrx_word' id='word_1_175' title='bbox 1913 2755 1957 2801; x_wconf 88' lang='lat'><strong>1.</strong></span> <span class='ocrx_word' id='word_1_176' title='bbox 1997 2764 2142 2805; x_wconf 77' lang='lat' dir='ltr'><strong>man.</strong></span> <span class='ocrx_word' id='word_1_177' title='bbox 2191 2750 2304 2804; x_wconf 85' lang='grc' dir='ltr'>ὅςς’</span> <span class='ocrx_word' id='word_1_178' title='bbox 2339 2752 2460 2817; x_wconf 78' lang='grc' dir='ltr'>ἐμοὶ</span> <span class='ocrx_word' id='word_1_179' title='bbox 2497 2749 2554 2807; x_wconf 92' lang='lat' dir='ltr'>L.</span> <span class='ocrx_word' id='word_1_180' title='bbox 2591 2752 2752 2818; x_wconf 81' lang='grc' dir='ltr'>ἠνέγ-</span> 
     </span>
    </p>
   </div>
   <div class='ocr_carea' id='block_1_5' title="bbox 469 2814 2755 3017">
    <p class='ocr_par' dir='ltr' id='par_1_5' title="bbox 469 2814 2755 3017">
     <span class='ocr_line' id='line_1_24' title="bbox 471 2814 2751 2884; baseline 0.002 -15"><span class='ocrx_word' id='word_1_181' title='bbox 471 2831 645 2870; x_wconf 88' lang='grc' dir='ltr'>καντο</span> <span class='ocrx_word' id='word_1_182' title='bbox 690 2814 783 2868; x_wconf 86' lang='lat' dir='ltr'>GL</span> <span class='ocrx_word' id='word_1_183' title='bbox 831 2815 1052 2869; x_wconf 84' lang='lat' dir='ltr'><strong>Barocc.</strong></span> <span class='ocrx_word' id='word_1_184' title='bbox 1105 2814 1244 2871; x_wconf 87' lang='lat' dir='ltr'><strong>Mor.</strong></span> <span class='ocrx_word' id='word_1_185' title='bbox 1301 2814 1460 2870; x_wconf 82' lang='lat' dir='ltr'><strong>Cant.</strong></span> <span class='ocrx_word' id='word_1_186' title='bbox 1518 2847 1584 2856; x_wconf 93' lang='lat'>——-</span> <span class='ocrx_word' id='word_1_187' title='bbox 1641 2822 1738 2869; x_wconf 82' lang='lat'>128</span> <span class='ocrx_word' id='word_1_188' title='bbox 1782 2817 2041 2884; x_wconf 86' lang='grc' dir='ltr'>ἀμύμονα</span> <span class='ocrx_word' id='word_1_189' title='bbox 2085 2816 2348 2871; x_wconf 87' lang='lat' dir='ltr'><strong>ACDEH.</strong></span> <span class='ocrx_word' id='word_1_190' title='bbox 2402 2819 2645 2884; x_wconf 74' lang='grc' dir='ltr'>ἀμύμον·</span> <span class='ocrx_word' id='word_1_191' title='bbox 2688 2818 2751 2873; x_wconf 82' lang='lat' dir='ltr'><strong>G.</strong></span> 
     </span>
     <span class='ocr_line' id='line_1_25' title="bbox 469 2881 2753 2954; baseline 0.001 -17"><span class='ocrx_word' id='word_1_192' title='bbox 469 2883 757 2949; x_wconf 89' lang='grc' dir='ltr'>ἀμύμονας</span> <span class='ocrx_word' id='word_1_193' title='bbox 794 2881 891 2937; x_wconf 88' lang='lat' dir='ltr'><strong>LS.</strong></span> <span class='ocrx_word' id='word_1_194' title='bbox 927 2884 954 2912; x_wconf 75' lang='lat'>‘¹</span> <span class='ocrx_word' id='word_1_195' title='bbox 977 2884 1111 2950; x_wconf 83' lang='grc' dir='ltr'>ἔργα</span> <span class='ocrx_word' id='word_1_196' title='bbox 1150 2883 1350 2938; x_wconf 73' lang='grc' dir='ltr'>ἰδυίαςε</span> <span class='ocrx_word' id='word_1_197' title='bbox 1385 2886 1503 2952; x_wconf 82' lang='grc' dir='ltr'>ἔργ’</span> <span class='ocrx_word' id='word_1_198' title='bbox 1538 2884 1745 2939; x_wconf 80' lang='grc' dir='ltr'>εἰδυίας</span> <span class='ocrx_word' id='word_1_199' title='bbox 1782 2882 2025 2950; x_wconf 77' lang='grc' dir='ltr'>ΑΟΒΕ(ἔ</span> <span class='ocrx_word' id='word_1_200' title='bbox 2060 2882 2514 2954; x_wconf 69' lang='grc' dir='ltr'>γα)ΘΗ(ἔργα)Ιι.</span> <span class='ocrx_word' id='word_1_201' title='bbox 2555 2915 2615 2924; x_wconf 85' lang='lat'>—-</span> <span class='ocrx_word' id='word_1_202' title='bbox 2658 2892 2753 2939; x_wconf 79' lang='grc'>129</span> 
     </span>
     <span class='ocr_line' id='line_1_26' title="bbox 471 2949 2755 3017; baseline 0.001 -12"><span class='ocrx_word' id='word_1_203' title='bbox 471 2951 803 3017; x_wconf 82' lang='grc' dir='ltr'>εὐκτίμενον</span> <span class='ocrx_word' id='word_1_204' title='bbox 841 2949 904 3003; x_wconf 83' lang='lat' dir='ltr'><strong>G.</strong></span> <span class='ocrx_word' id='word_1_205' title='bbox 953 2981 1016 2990; x_wconf 88' lang='lat'><em>-</em></span> <span class='ocrx_word' id='word_1_206' title='bbox 1065 2957 1163 3007; x_wconf 89' lang='lat'>130</span> <span class='ocrx_word' id='word_1_207' title='bbox 1206 2952 1383 3006; x_wconf 82' lang='grc' dir='ltr'>νίκων</span> <span class='ocrx_word' id='word_1_208' title='bbox 1428 2951 1491 3006; x_wconf 89' lang='lat' dir='ltr'>G.</span> <span class='ocrx_word' id='word_1_209' title='bbox 1539 2954 1734 3007; x_wconf 75' lang='grc' dir='ltr'>κάλλεΐ</span> <span class='ocrx_word' id='word_1_210' title='bbox 1777 2952 1954 3006; x_wconf 84' lang='grc' dir='ltr'>νίκων</span> <span class='ocrx_word' id='word_1_211' title='bbox 2058 2968 2136 3006; x_wconf 90' lang='lat' dir='ltr'>or.</span> <span class='ocrx_word' id='word_1_212' title='bbox 2184 2953 2391 3008; x_wconf 81' lang='grc' dir='ltr'>ἐνίκων</span> <span class='ocrx_word' id='word_1_213' title='bbox 2437 2958 2620 3008; x_wconf 85' lang='grc' dir='ltr'>πᾶςαν</span> <span class='ocrx_word' id='word_1_214' title='bbox 2663 2954 2755 3008; x_wconf 80' lang='grc' dir='ltr'>ἐπ’</span> 
     </span>
    </p>
   </div>
   <div class='ocr_carea' id='block_1_6' title="bbox 469 3018 2897 3089">
    <p class='ocr_par' dir='ltr' id='par_1_6' title="bbox 469 3018 2897 3089">
     <span class='ocr_line' id='line_1_27' title="bbox 469 3018 2897 3089; baseline 0.001 -16"><span class='ocrx_word' id='word_1_215' title='bbox 469 3020 602 3073; x_wconf 81' lang='grc' dir='ltr'>αἶαν</span> <span class='ocrx_word' id='word_1_216' title='bbox 638 3018 686 3070; x_wconf 97' lang='lat' dir='ltr'>D</span> <span class='ocrx_word' id='word_1_217' title='bbox 729 3024 773 3073; x_wconf 88' lang='lat'><strong>1.</strong></span> <span class='ocrx_word' id='word_1_218' title='bbox 808 3035 956 3079; x_wconf 76' lang='lat' dir='ltr'><strong>man.</strong></span> <span class='ocrx_word' id='word_1_219' title='bbox 993 3019 1054 3073; x_wconf 83' lang='lat' dir='ltr'>ct</span> <span class='ocrx_word' id='word_1_220' title='bbox 1086 3019 1145 3072; x_wconf 89' lang='lat' dir='ltr'>in</span> <span class='ocrx_word' id='word_1_221' title='bbox 1180 3036 1356 3089; x_wconf 84' lang='lat' dir='ltr'><strong>marg.</strong></span> <span class='ocrx_word' id='word_1_222' title='bbox 1398 3023 1554 3088; x_wconf 79' lang='grc' dir='ltr'>φῦλα</span> <span class='ocrx_word' id='word_1_223' title='bbox 1590 3023 1893 3086; x_wconf 83' lang='grc' dir='ltr'>γυναικῶν.</span> <span class='ocrx_word' id='word_1_224' title='bbox 1930 3049 1994 3058; x_wconf 89' lang='grc'>-</span> <span class='ocrx_word' id='word_1_225' title='bbox 2034 3024 2125 3074; x_wconf 91' lang='grc'>131</span> <span class='ocrx_word' id='word_1_226' title='bbox 2165 3022 2269 3086; x_wconf 80' lang='grc' dir='ltr'>μὲν</span> <span class='ocrx_word' id='word_1_227' title='bbox 2306 3020 2361 3074; x_wconf 85' lang='grc' dir='ltr'>οἳ</span> <span class='ocrx_word' id='word_1_228' title='bbox 2396 3019 2461 3075; x_wconf 92' lang='lat' dir='ltr'>D.</span> <span class='ocrx_word' id='word_1_229' title='bbox 2510 3039 2651 3088; x_wconf 88' lang='grc' dir='ltr'>μετα</span> <span class='ocrx_word' id='word_1_230' title='bbox 2686 3021 2752 3075; x_wconf 90' lang='lat' dir='ltr'>A.</span> <span class='ocrx_word' id='word_1_231' title='bbox 2868 3021 2897 3032; x_wconf 74' lang='lat'><strong><em>‘</em></strong></span> 
     </span>
    </p>
   </div>
   <div class='ocr_carea' id='block_1_7' title="bbox 468 3085 2752 3426">
    <p class='ocr_par' dir='ltr' id='par_1_7' title="bbox 468 3085 2752 3426">
     <span class='ocr_line' id='line_1_28' title="bbox 468 3085 2752 3156; baseline 0.001 -17"><span class='ocrx_word' id='word_1_232' title='bbox 468 3090 541 3151; x_wconf 82' lang='grc' dir='ltr'>ἢν</span> <span class='ocrx_word' id='word_1_233' title='bbox 578 3088 709 3140; x_wconf 80' lang='grc' dir='ltr'>ποτ’</span> <span class='ocrx_word' id='word_1_234' title='bbox 744 3085 896 3140; x_wconf 86' lang='lat' dir='ltr'><strong>Eust.</strong></span> <span class='ocrx_word' id='word_1_235' title='bbox 932 3091 1048 3152; x_wconf 85' lang='grc'><strong>741,</strong></span> <span class='ocrx_word' id='word_1_236' title='bbox 1086 3093 1166 3142; x_wconf 80' lang='grc'><strong>35.</strong></span> <span class='ocrx_word' id='word_1_237' title='bbox 1213 3085 1363 3156; x_wconf 80' lang='lat' dir='ltr'><strong>Lips.</strong></span> <span class='ocrx_word' id='word_1_238' title='bbox 1417 3118 1475 3125; x_wconf 89' lang='lat'>——</span> <span class='ocrx_word' id='word_1_239' title='bbox 1526 3095 1622 3142; x_wconf 79' lang='lat'>132</span> <span class='ocrx_word' id='word_1_240' title='bbox 1670 3089 1876 3155; x_wconf 80' lang='grc' dir='ltr'>κούρη;</span> <span class='ocrx_word' id='word_1_241' title='bbox 1917 3089 2018 3141; x_wconf 90' lang='grc' dir='ltr'>κού</span> <span class='ocrx_word' id='word_1_242' title='bbox 2098 3106 2131 3140; x_wconf 90' lang='grc' dir='ltr'>ν</span> <span class='ocrx_word' id='word_1_243' title='bbox 2175 3087 2323 3142; x_wconf 80' lang='grc' dir='ltr'>ΑΒΕ</span> <span class='ocrx_word' id='word_1_244' title='bbox 2361 3095 2476 3154; x_wconf 84' lang='grc'><strong>741,</strong></span> <span class='ocrx_word' id='word_1_245' title='bbox 2513 3095 2544 3142; x_wconf 84' lang='grc'><strong>4</strong></span> <span class='ocrx_word' id='word_1_246' title='bbox 2594 3091 2654 3144; x_wconf 84' lang='lat' dir='ltr'>ct</span> <span class='ocrx_word' id='word_1_247' title='bbox 2687 3094 2752 3144; x_wconf 83' lang='lat'>36</span> 
     </span>
     <span class='ocr_line' id='line_1_29' title="bbox 472 3152 2752 3239; baseline 0.003 -33"><span class='ocrx_word' id='word_1_248' title='bbox 472 3152 589 3207; x_wconf 83' lang='lat' dir='ltr'><strong>GH.</strong></span> <span class='ocrx_word' id='word_1_249' title='bbox 627 3155 802 3222; x_wconf 90' lang='grc' dir='ltr'>κόρην</span> <span class='ocrx_word' id='word_1_250' title='bbox 839 3152 892 3207; x_wconf 82' lang='lat' dir='ltr'><strong>S.</strong></span> <span class='ocrx_word' id='word_1_251' title='bbox 933 3155 1028 3209; x_wconf 81' lang='grc' dir='ltr'>ἐπὶ</span> <span class='ocrx_word' id='word_1_252' title='bbox 1063 3156 1124 3209; x_wconf 84' lang='grc' dir='ltr'>δὲ</span> <span class='ocrx_word' id='word_1_253' title='bbox 1159 3154 1230 3208; x_wconf 81' lang='lat' dir='ltr'>E:</span> <span class='ocrx_word' id='word_1_254' title='bbox 1269 3158 1361 3209; x_wconf 81' lang='grc' dir='ltr'>καὶ</span> <span class='ocrx_word' id='word_1_255' title='bbox 1406 3155 1496 3239; x_wconf 69' lang='grc' dir='ltr'>ἐπι</span> <span class='ocrx_word' id='word_1_256' title='bbox 1531 3154 1688 3213; x_wconf 90' lang='lat' dir='ltr'><strong>ACL.</strong></span> <span class='ocrx_word' id='word_1_257' title='bbox 1726 3157 1816 3209; x_wconf 81' lang='grc' dir='ltr'>καὶ</span> <span class='ocrx_word' id='word_1_258' title='bbox 1861 3157 1952 3210; x_wconf 81' lang='grc' dir='ltr'>ἐπὶ</span> <span class='ocrx_word' id='word_1_259' title='bbox 2104 3154 2196 3209; x_wconf 82' lang='lat' dir='ltr'>HS</span> <span class='ocrx_word' id='word_1_260' title='bbox 2227 3156 2413 3236; x_wconf 38' lang='lat' dir='ltr'><strong>‚Schol.</strong></span> <span class='ocrx_word' id='word_1_261' title='bbox 2452 3158 2496 3211; x_wconf 94' lang='grc' dir='ltr'>Τ</span> <span class='ocrx_word' id='word_1_262' title='bbox 2540 3164 2661 3228; x_wconf 49' lang='grc'><strong>175.</strong></span> <span class='ocrx_word' id='word_1_263' title='bbox 2686 3187 2752 3196; x_wconf 88' lang='grc'>-</span> 
     </span>
     <span class='ocr_line' id='line_1_30' title="bbox 468 3221 2750 3360; baseline 0.004 -20"><span class='ocrx_word' id='word_1_264' title='bbox 468 3221 1190 3360; x_wconf 53' lang='grc' dir='ltr'>Ξῗῆἑὲᾋεὲῗνέξμὲἓὲἒῖ.·</span> <span class='ocrx_word' id='word_1_265' title='bbox 1221 3253 1321 3343; x_wconf 61' lang='grc' dir='ltr'><strong>.ῖο</strong></span> <span class='ocrx_word' id='word_1_266' title='bbox 1337 3221 2018 3346; x_wconf 50' lang='grc' dir='ltr'>’Ξΐωᾌὲὲάλὲπὲῗῗὲ</span> <span class='ocrx_word' id='word_1_267' title='bbox 2089 3222 2166 3345; x_wconf 82' lang='grc' dir='ltr'>ΟΕ</span> <span class='ocrx_word' id='word_1_268' title='bbox 2184 3223 2469 3346; x_wconf 52' lang='lat' dir='ltr'>ws-</span> <span class='ocrx_word' id='word_1_269' title='bbox 2495 3231 2644 3348; x_wconf 60' lang='lat'>{3332</span> <span class='ocrx_word' id='word_1_270' title='bbox 2670 3231 2750 3349; x_wconf 61' lang='lat'>{2⁸2</span> 
     </span>
     <span class='ocr_line' id='line_1_31' title="bbox 468 3353 2680 3426; baseline 0.002 -15"><span class='ocrx_word' id='word_1_271' title='bbox 468 3358 745 3412; x_wconf 81' lang='grc' dir='ltr'>ἀλαπάξαι</span> <span class='ocrx_word' id='word_1_272' title='bbox 778 3353 1004 3412; x_wconf 79' lang='lat' dir='ltr'><strong>Barocc.</strong></span> <span class='ocrx_word' id='word_1_273' title='bbox 1039 3387 1105 3397; x_wconf 92' lang='lat'>—-</span> <span class='ocrx_word' id='word_1_274' title='bbox 1145 3364 1239 3412; x_wconf 87' lang='grc'>137</span> <span class='ocrx_word' id='word_1_275' title='bbox 1275 3361 1484 3424; x_wconf 82' lang='grc' dir='ltr'>χαλκοῦ</span> <span class='ocrx_word' id='word_1_276' title='bbox 1522 3361 1613 3412; x_wconf 78' lang='grc' dir='ltr'>καὶ</span> <span class='ocrx_word' id='word_1_277' title='bbox 1649 3363 1851 3426; x_wconf 85' lang='grc' dir='ltr'>χρυςοῡ</span> <span class='ocrx_word' id='word_1_278' title='bbox 1890 3358 1930 3414; x_wconf 88' lang='lat' dir='ltr'>C</span> <span class='ocrx_word' id='word_1_279' title='bbox 1968 3357 2122 3418; x_wconf 80' lang='lat' dir='ltr'><strong>Harl.</strong></span> <span class='ocrx_word' id='word_1_280' title='bbox 2159 3359 2314 3414; x_wconf 82' lang='lat' dir='ltr'><strong>Vrat.</strong></span> <span class='ocrx_word' id='word_1_281' title='bbox 2340 3378 2387 3414; x_wconf 90' lang='lat' dir='ltr'>c.</span> <span class='ocrx_word' id='word_1_282' title='bbox 2427 3359 2595 3416; x_wconf 84' lang='lat' dir='ltr'><strong>Mosc.</strong></span> <span class='ocrx_word' id='word_1_283' title='bbox 2632 3369 2680 3416; x_wconf 88' lang='lat'>3.</span> 
     </span>
    </p>
   </div>
   <div class='ocr_carea' id='block_1_8' title="bbox 513 3490 688 3497">
    <p class='ocr_par' dir='ltr' id='par_1_8' title="bbox 513 3490 688 3497">
     <span class='ocr_line' id='line_1_32' title="bbox 513 3490 688 3497; baseline 0 1509"><span class='ocrx_word' id='word_1_284' title='bbox 513 3490 688 3497; x_wconf 95' lang='lat' dir='ltr'> </span> 
     </span>
    </p>
   </div>
   <div class='ocr_carea' id='block_1_9' title="bbox 727 3491 867 3498">
    <p class='ocr_par' dir='ltr' id='par_1_9' title="bbox 727 3491 867 3498">
     <span class='ocr_line' id='line_1_33' title="bbox 727 3491 867 3498; baseline 0.014 -2"><span class='ocrx_word' id='word_1_285' title='bbox 727 3491 867 3498; x_wconf 64' lang='lat'><strong>....-..-—..-</strong></span> 
     </span>
    </p>
   </div>
   <div class='ocr_carea' id='block_1_10' title="bbox 423 3560 2821 4372">
    <p class='ocr_par' dir='ltr' id='par_1_10' title="bbox 423 3560 2821 4372">
     <span class='ocr_line' id='line_1_34' title="bbox 601 3560 2821 3630; baseline 0.001 -15"><span class='ocrx_word' id='word_1_286' title='bbox 601 3561 667 3615; x_wconf 92' lang='lat' dir='ltr'><strong>A.</strong></span> <span class='ocrx_word' id='word_1_287' title='bbox 717 3577 765 3614; x_wconf 87' lang='grc' dir='ltr'>ο.</span> <span class='ocrx_word' id='word_1_288' title='bbox 846 3565 940 3615; x_wconf 87' lang='grc'>119</span> <span class='ocrx_word' id='word_1_289' title='bbox 984 3563 1075 3614; x_wconf 75' lang='grc' dir='ltr'>καὶ</span> <span class='ocrx_word' id='word_1_290' title='bbox 1124 3560 1492 3626; x_wconf 84' lang='grc' dir='ltr'>Ἀγαμέμνων</span> <span class='ocrx_word' id='word_1_291' title='bbox 1534 3563 1596 3616; x_wconf 81' lang='grc' dir='ltr'>δὲ</span> <span class='ocrx_word' id='word_1_292' title='bbox 1642 3563 1790 3626; x_wconf 83' lang='grc' dir='ltr'>λέγει</span> <span class='ocrx_word' id='word_1_293' title='bbox 1839 3579 1950 3616; x_wconf 88' lang='grc' dir='ltr'>που</span> <span class='ocrx_word' id='word_1_294' title='bbox 1995 3565 2123 3630; x_wconf 78' lang='grc' dir='ltr'>περὶ</span> <span class='ocrx_word' id='word_1_295' title='bbox 2178 3564 2355 3617; x_wconf 80' lang='grc' dir='ltr'>αὑτοῦ</span> <span class='ocrx_word' id='word_1_296' title='bbox 2406 3564 2580 3630; x_wconf 79' lang='grc' dir='ltr'>,,ἀλλ’</span> <span class='ocrx_word' id='word_1_297' title='bbox 2623 3565 2746 3618; x_wconf 82' lang='grc' dir='ltr'>ἐπεὶ</span> <span class='ocrx_word' id='word_1_298' title='bbox 2820 3615 2821 3618; x_wconf 74' lang='grc'><strong>,</strong></span> 
     </span>
     <span class='ocr_line' id='line_1_35' title="bbox 467 3629 2748 3698; baseline 0.002 -16"><span class='ocrx_word' id='word_1_299' title='bbox 467 3629 721 3696; x_wconf 83' lang='grc' dir='ltr'>ἀαςάμην</span> <span class='ocrx_word' id='word_1_300' title='bbox 756 3631 917 3695; x_wconf 81' lang='grc' dir='ltr'>φρεςὶ</span> <span class='ocrx_word' id='word_1_301' title='bbox 955 3629 1282 3696; x_wconf 85' lang='grc' dir='ltr'>λευγαλέῃςι</span> <span class='ocrx_word' id='word_1_302' title='bbox 1318 3630 1583 3696; x_wconf 89' lang='grc' dir='ltr'>πιθήςας,</span> <span class='ocrx_word' id='word_1_303' title='bbox 1632 3632 1665 3695; x_wconf 80' lang='grc' dir='ltr'>ἢ</span> <span class='ocrx_word' id='word_1_304' title='bbox 1713 3631 1880 3698; x_wconf 84' lang='grc' dir='ltr'>οἴνῳ</span> <span class='ocrx_word' id='word_1_305' title='bbox 1930 3633 2229 3695; x_wconf 87' lang='grc' dir='ltr'>μεθύων,</span> <span class='ocrx_word' id='word_1_306' title='bbox 2274 3633 2310 3697; x_wconf 80' lang='grc' dir='ltr'>ἤ</span> <span class='ocrx_word' id='word_1_307' title='bbox 2349 3634 2405 3697; x_wconf 80' lang='grc' dir='ltr'>μ’</span> <span class='ocrx_word' id='word_1_308' title='bbox 2441 3632 2468 3685; x_wconf 83' lang='grc' dir='ltr'>ἔ</span> <span class='ocrx_word' id='word_1_309' title='bbox 2527 3635 2748 3698; x_wconf 89' lang='grc' dir='ltr'>λαψαν</span> 
     </span>
     <span class='ocr_line' id='line_1_36' title="bbox 466 3695 2747 3766; baseline 0.001 -15"><span class='ocrx_word' id='word_1_310' title='bbox 466 3699 613 3751; x_wconf 76' lang='grc' dir='ltr'>θεοὶ</span> <span class='ocrx_word' id='word_1_311' title='bbox 650 3696 904 3761; x_wconf 84' lang='grc' dir='ltr'>αύτοί“,</span> <span class='ocrx_word' id='word_1_312' title='bbox 942 3695 1021 3750; x_wconf 79' lang='grc' dir='ltr'>εἰς</span> <span class='ocrx_word' id='word_1_313' title='bbox 1055 3699 1165 3762; x_wconf 87' lang='grc' dir='ltr'>τὴν</span> <span class='ocrx_word' id='word_1_314' title='bbox 1188 3697 1371 3763; x_wconf 84' lang='grc' dir='ltr'>αὐτὴν</span> <span class='ocrx_word' id='word_1_315' title='bbox 1394 3699 1565 3751; x_wconf 81' lang='grc' dir='ltr'>τιθεὶς</span> <span class='ocrx_word' id='word_1_316' title='bbox 1591 3699 1900 3762; x_wconf 82' lang='grc' dir='ltr'>πλάςτιγγα</span> <span class='ocrx_word' id='word_1_317' title='bbox 1924 3701 2032 3764; x_wconf 88' lang='grc' dir='ltr'>τὴν</span> <span class='ocrx_word' id='word_1_318' title='bbox 2057 3700 2234 3766; x_wconf 87' lang='grc' dir='ltr'>μέθην</span> <span class='ocrx_word' id='word_1_319' title='bbox 2267 3705 2339 3766; x_wconf 86' lang='grc' dir='ltr'>τῇ</span> <span class='ocrx_word' id='word_1_320' title='bbox 2366 3717 2475 3766; x_wconf 89' lang='grc' dir='ltr'>μαν</span> <span class='ocrx_word' id='word_1_321' title='bbox 2498 3716 2534 3752; x_wconf 94' lang='grc' dir='ltr'>α</span> <span class='ocrx_word' id='word_1_322' title='bbox 2569 3701 2747 3766; x_wconf 83' lang='grc' dir='ltr'>(οὕτω</span> 
     </span>
     <span class='ocr_line' id='line_1_37' title="bbox 466 3765 2748 3835; baseline 0.001 -16"><span class='ocrx_word' id='word_1_323' title='bbox 466 3767 526 3819; x_wconf 82' lang='grc' dir='ltr'>δὲ</span> <span class='ocrx_word' id='word_1_324' title='bbox 577 3768 648 3818; x_wconf 88' lang='grc' dir='ltr'>τὰ</span> <span class='ocrx_word' id='word_1_325' title='bbox 701 3766 809 3831; x_wconf 81' lang='grc' dir='ltr'>ἔπη</span> <span class='ocrx_word' id='word_1_326' title='bbox 862 3767 1046 3817; x_wconf 80' lang='grc' dir='ltr'>ταῦτα</span> <span class='ocrx_word' id='word_1_327' title='bbox 1098 3765 1492 3831; x_wconf 82' lang='grc' dir='ltr'>προηνέγκατο</span> <span class='ocrx_word' id='word_1_328' title='bbox 1545 3766 1944 3832; x_wconf 74' lang='grc' dir='ltr'>Διοςκουρίδης</span> <span class='ocrx_word' id='word_1_329' title='bbox 1997 3767 2029 3819; x_wconf 87' lang='grc' dir='ltr'>ό</span> <span class='ocrx_word' id='word_1_330' title='bbox 2078 3767 2418 3833; x_wconf 88' lang='grc' dir='ltr'>Ἰςοκράτους</span> <span class='ocrx_word' id='word_1_331' title='bbox 2473 3768 2748 3835; x_wconf 87' lang='grc' dir='ltr'>μαθητής)</span> 
     </span>
     <span class='ocr_line' id='line_1_38' title="bbox 464 3830 2748 3902; baseline 0 -15"><span class='ocrx_word' id='word_1_332' title='bbox 464 3831 787 3887; x_wconf 78' lang='lat' dir='ltr'><strong>Athenaeus</strong></span> <span class='ocrx_word' id='word_1_333' title='bbox 823 3830 865 3897; x_wconf 88' lang='grc' dir='ltr'><strong>Ι,</strong></span> <span class='ocrx_word' id='word_1_334' title='bbox 905 3837 986 3887; x_wconf 93' lang='grc'>11.</span> <span class='ocrx_word' id='word_1_335' title='bbox 1038 3833 1116 3885; x_wconf 84' lang='grc' dir='ltr'>ὡς</span> <span class='ocrx_word' id='word_1_336' title='bbox 1152 3833 1212 3886; x_wconf 85' lang='grc' dir='ltr'>δὲ</span> <span class='ocrx_word' id='word_1_337' title='bbox 1248 3835 1337 3886; x_wconf 82' lang='grc' dir='ltr'>καὶ</span> <span class='ocrx_word' id='word_1_338' title='bbox 1376 3833 1742 3899; x_wconf 86' lang='grc' dir='ltr'>Ἀγαμέμνων</span> <span class='ocrx_word' id='word_1_339' title='bbox 1778 3833 1987 3887; x_wconf 88' lang='grc' dir='ltr'>ἀάςατο</span> <span class='ocrx_word' id='word_1_340' title='bbox 2024 3835 2163 3902; x_wconf 83' lang='grc' dir='ltr'>οἴνῳ</span> <span class='ocrx_word' id='word_1_341' title='bbox 2202 3836 2429 3901; x_wconf 90' lang='grc' dir='ltr'>μεθύων</span> <span class='ocrx_word' id='word_1_342' title='bbox 2465 3836 2607 3888; x_wconf 81' lang='grc' dir='ltr'>κατὰ</span> <span class='ocrx_word' id='word_1_343' title='bbox 2641 3837 2748 3889; x_wconf 84' lang='grc' dir='ltr'>τὸν</span> 
     </span>
     <span class='ocr_line' id='line_1_39' title="bbox 466 3897 2745 3970; baseline 0.001 -16"><span class='ocrx_word' id='word_1_344' title='bbox 466 3900 872 3967; x_wconf 83' lang='grc' dir='ltr'>Διοςκουρίδην</span> <span class='ocrx_word' id='word_1_345' title='bbox 907 3897 1062 3952; x_wconf 86' lang='lat' dir='ltr'><strong>Eust.</strong></span> <span class='ocrx_word' id='word_1_346' title='bbox 1103 3905 1249 3966; x_wconf 88' lang='grc'><strong>1198,</strong></span> <span class='ocrx_word' id='word_1_347' title='bbox 1285 3905 1368 3953; x_wconf 81' lang='grc'><strong>27.</strong></span> <span class='ocrx_word' id='word_1_348' title='bbox 1403 3899 1552 3954; x_wconf 87' lang='lat' dir='ltr'><strong>hunc</strong></span> <span class='ocrx_word' id='word_1_349' title='bbox 1589 3916 1812 3954; x_wconf 83' lang='lat' dir='ltr'><strong>versum</strong></span> <span class='ocrx_word' id='word_1_350' title='bbox 1848 3900 2101 3954; x_wconf 85' lang='lat' dir='ltr'><strong>Eustath.</strong></span> <span class='ocrx_word' id='word_1_351' title='bbox 2144 3906 2288 3966; x_wconf 88' lang='grc'><strong>1176,</strong></span> <span class='ocrx_word' id='word_1_352' title='bbox 2330 3908 2384 3955; x_wconf 88' lang='grc'>11</span> <span class='ocrx_word' id='word_1_353' title='bbox 2426 3904 2554 3970; x_wconf 84' lang='lat' dir='ltr'><strong>post</strong></span> <span class='ocrx_word' id='word_1_354' title='bbox 2576 3903 2621 3955; x_wconf 90' lang='grc' dir='ltr'>Τ</span> <span class='ocrx_word' id='word_1_355' title='bbox 2652 3908 2745 3956; x_wconf 87' lang='grc'>137</span> 
     </span>
     <span class='ocr_line' id='line_1_40' title="bbox 466 3967 2745 4037; baseline 0 -17"><span class='ocrx_word' id='word_1_356' title='bbox 466 3967 777 4024; x_wconf 83' lang='lat' dir='ltr'><strong>collocavit.</strong></span> <span class='ocrx_word' id='word_1_357' title='bbox 820 3997 889 4006; x_wconf 92' lang='lat'><strong>—</strong></span> <span class='ocrx_word' id='word_1_358' title='bbox 936 3973 1033 4021; x_wconf 79' lang='lat'>128</span> <span class='ocrx_word' id='word_1_359' title='bbox 1081 3967 1409 4035; x_wconf 75' lang='grc' dir='ltr'>ἀρίςταρχος</span> <span class='ocrx_word' id='word_1_360' title='bbox 1455 3969 1597 4033; x_wconf 82' lang='grc' dir='ltr'>μετὰ</span> <span class='ocrx_word' id='word_1_361' title='bbox 1642 3973 1745 4022; x_wconf 81' lang='grc' dir='ltr'>τοῦ</span> <span class='ocrx_word' id='word_1_362' title='bbox 1781 3974 1831 4023; x_wconf 77' lang='grc' dir='ltr'>’ς’</span> <span class='ocrx_word' id='word_1_363' title='bbox 1867 3970 2154 4034; x_wconf 87' lang='grc' dir='ltr'>ἀμύμονας</span> <span class='ocrx_word' id='word_1_364' title='bbox 2202 3968 2554 4037; x_wconf 75' lang='lat' dir='ltr'><strong>Didymus,</strong></span> <span class='ocrx_word' id='word_1_365' title='bbox 2601 3971 2745 4024; x_wconf 87' lang='lat' dir='ltr'><strong>conf.</strong></span> 
     </span>
     <span class='ocr_line' id='line_1_41' title="bbox 466 4033 2747 4101; baseline 0 -12"><span class='ocrx_word' id='word_1_366' title='bbox 466 4034 650 4089; x_wconf 87' lang='lat' dir='ltr'><strong>Schol.</strong></span> <span class='ocrx_word' id='word_1_367' title='bbox 674 4041 790 4089; x_wconf 88' lang='grc'><strong>270.</strong></span> <span class='ocrx_word' id='word_1_368' title='bbox 815 4033 969 4088; x_wconf 88' lang='lat' dir='ltr'><strong>Eust.</strong></span> <span class='ocrx_word' id='word_1_369' title='bbox 997 4040 1112 4100; x_wconf 79' lang='lat'>740,</span> <span class='ocrx_word' id='word_1_370' title='bbox 1135 4040 1218 4090; x_wconf 83' lang='lat'><strong>60.</strong></span> <span class='ocrx_word' id='word_1_371' title='bbox 1241 4034 1460 4088; x_wconf 79' lang='lat' dir='ltr'><strong>fallitur</strong></span> <span class='ocrx_word' id='word_1_372' title='bbox 1484 4035 1829 4089; x_wconf 74' lang='lat' dir='ltr'><strong>Aristonicus</strong></span> <span class='ocrx_word' id='word_1_373' title='bbox 1854 4035 2176 4090; x_wconf 75' lang='lat' dir='ltr'><strong>Aristarcho</strong></span> <span class='ocrx_word' id='word_1_374' title='bbox 2213 4039 2470 4101; x_wconf 84' lang='grc' dir='ltr'>ἀμύμονα</span> <span class='ocrx_word' id='word_1_375' title='bbox 2495 4037 2747 4090; x_wconf 80' lang='lat' dir='ltr'><strong>tribuens</strong></span> 
     </span>
     <span class='ocr_line' id='line_1_42' title="bbox 465 4101 2735 4171; baseline 0.002 -16"><span class='ocrx_word' id='word_1_376' title='bbox 465 4119 593 4155; x_wconf 90' lang='lat' dir='ltr'>cum</span> <span class='ocrx_word' id='word_1_377' title='bbox 629 4101 811 4156; x_wconf 87' lang='lat' dir='ltr'><strong>Schol.</strong></span> <span class='ocrx_word' id='word_1_378' title='bbox 849 4101 899 4156; x_wconf 91' lang='lat' dir='ltr'><strong>V</strong></span> <span class='ocrx_word' id='word_1_379' title='bbox 934 4103 1218 4170; x_wconf 64' lang='grc' dir='ltr'>ἀμύμονας</span> <span class='ocrx_word' id='word_1_380' title='bbox 1257 4105 1443 4158; x_wconf 84' lang='grc' dir='ltr'>οὕτως</span> <span class='ocrx_word' id='word_1_381' title='bbox 1473 4104 1856 4171; x_wconf 79' lang='grc' dir='ltr'>Ἀρίςταρχος,</span> <span class='ocrx_word' id='word_1_382' title='bbox 1893 4105 2214 4171; x_wconf 87' lang='grc' dir='ltr'>Ζηνόδοτος</span> <span class='ocrx_word' id='word_1_383' title='bbox 2252 4105 2312 4158; x_wconf 81' lang='grc' dir='ltr'>δέ</span> <span class='ocrx_word' id='word_1_384' title='bbox 2348 4105 2655 4170; x_wconf 87' lang='grc' dir='ltr'>ἀμύμονας.</span> <span class='ocrx_word' id='word_1_385' title='bbox 2685 4137 2735 4143; x_wconf 94' lang='grc'><strong>-</strong></span> 
     </span>
     <span class='ocr_line' id='line_1_43' title="bbox 423 4170 2745 4239; baseline 0.002 -16"><span class='ocrx_word' id='word_1_386' title='bbox 423 4197 434 4202; x_wconf 83' lang='lat'><em>-</em></span> <span class='ocrx_word' id='word_1_387' title='bbox 470 4176 565 4225; x_wconf 85' lang='lat'>130</span> <span class='ocrx_word' id='word_1_388' title='bbox 600 4171 872 4237; x_wconf 79' lang='grc' dir='ltr'>ἐξελόμην</span> <span class='ocrx_word' id='word_1_389' title='bbox 908 4170 1285 4224; x_wconf 79' lang='lat' dir='ltr'><strong>Aristarchus:</strong></span> <span class='ocrx_word' id='word_1_390' title='bbox 1325 4170 1640 4225; x_wconf 83' lang='lat' dir='ltr'><strong>Zenodotus</strong></span> <span class='ocrx_word' id='word_1_391' title='bbox 1665 4172 1721 4226; x_wconf 78' lang='grc' dir='ltr'>ἓξ</span> <span class='ocrx_word' id='word_1_392' title='bbox 1749 4173 1987 4239; x_wconf 85' lang='grc' dir='ltr'>ἑλόμην,</span> <span class='ocrx_word' id='word_1_393' title='bbox 2026 4171 2171 4225; x_wconf 86' lang='lat' dir='ltr'><strong>conf.</strong></span> <span class='ocrx_word' id='word_1_394' title='bbox 2212 4171 2392 4226; x_wconf 91' lang='lat' dir='ltr'><strong>Schol.</strong></span> <span class='ocrx_word' id='word_1_395' title='bbox 2422 4179 2534 4235; x_wconf 88' lang='grc'><strong>131,</strong></span> <span class='ocrx_word' id='word_1_396' title='bbox 2560 4175 2605 4227; x_wconf 90' lang='grc' dir='ltr'>Τ</span> <span class='ocrx_word' id='word_1_397' title='bbox 2631 4179 2745 4227; x_wconf 76' lang='grc'><strong>246.</strong></span> 
     </span>
     <span class='ocr_line' id='line_1_44' title="bbox 467 4238 2742 4310; baseline 0.002 -19"><span class='ocrx_word' id='word_1_398' title='bbox 467 4268 529 4278; x_wconf 84' lang='lat'>·-</span> <span class='ocrx_word' id='word_1_399' title='bbox 570 4245 663 4293; x_wconf 78' lang='grc'>132</span> <span class='ocrx_word' id='word_1_400' title='bbox 699 4238 1022 4305; x_wconf 81' lang='grc' dir='ltr'>ἀρίςταρχος</span> <span class='ocrx_word' id='word_1_401' title='bbox 1048 4239 1224 4306; x_wconf 91' lang='grc' dir='ltr'>κούρη</span> <span class='ocrx_word' id='word_1_402' title='bbox 1262 4243 1481 4306; x_wconf 87' lang='grc' dir='ltr'>βριςῆος</span> <span class='ocrx_word' id='word_1_403' title='bbox 1507 4240 1601 4294; x_wconf 82' lang='grc' dir='ltr'>ἐπὶ</span> <span class='ocrx_word' id='word_1_404' title='bbox 1637 4241 1698 4293; x_wconf 81' lang='grc' dir='ltr'>δὲ</span> <span class='ocrx_word' id='word_1_405' title='bbox 1721 4241 1897 4306; x_wconf 90' lang='grc' dir='ltr'>μέγαν</span> <span class='ocrx_word' id='word_1_406' title='bbox 1931 4243 2103 4308; x_wconf 84' lang='grc' dir='ltr'>ὅρκον</span> <span class='ocrx_word' id='word_1_407' title='bbox 2127 4241 2366 4307; x_wconf 82' lang='grc' dir='ltr'>ὀμοῦμαι</span> <span class='ocrx_word' id='word_1_408' title='bbox 2393 4240 2742 4310; x_wconf 77' lang='lat' dir='ltr'><strong>Didymus,</strong></span> 
     </span>
     <span class='ocr_line' id='line_1_45' title="bbox 466 4305 1494 4372; baseline 0 -12"><span class='ocrx_word' id='word_1_409' title='bbox 466 4305 611 4360; x_wconf 86' lang='lat' dir='ltr'><strong>conf.</strong></span> <span class='ocrx_word' id='word_1_410' title='bbox 643 4305 799 4361; x_wconf 89' lang='lat' dir='ltr'><strong>Eust.</strong></span> <span class='ocrx_word' id='word_1_411' title='bbox 835 4313 951 4372; x_wconf 85' lang='grc'><strong>741,</strong></span> <span class='ocrx_word' id='word_1_412' title='bbox 987 4313 1068 4360; x_wconf 88' lang='grc'>36.</span> <span class='ocrx_word' id='word_1_413' title='bbox 1108 4306 1288 4361; x_wconf 86' lang='lat' dir='ltr'><strong>Schol.</strong></span> <span class='ocrx_word' id='word_1_414' title='bbox 1328 4309 1340 4362; x_wconf 97' lang='grc' dir='ltr'>Ι</span> <span class='ocrx_word' id='word_1_415' title='bbox 1379 4313 1494 4361; x_wconf 86' lang='grc'><strong>274.</strong></span> 
     </span>
    </p>
   </div>
  </div>
 </body>
</html>
