<?xml version="1.0" encoding="UTF-8"?>
<!DOCTYPE html PUBLIC "-//W3C//DTD XHTML 1.0 Transitional//EN"
    "http://www.w3.org/TR/xhtml1/DTD/xhtml1-transitional.dtd">
<html xmlns="http://www.w3.org/1999/xhtml" xml:lang="en" lang="en">
 <head>
  <title>
</title>
<meta http-equiv="Content-Type" content="text/html;charset=utf-8" />
  <meta name='ocr-system' content='tesseract 3.04.00' />
  <meta name='ocr-capabilities' content='ocr_page ocr_carea ocr_par ocr_line ocrx_word'/>
</head>
<body>
  <div class='ocr_page' id='page_1' title='image "./iliasadfidemlib00homegoog_0584.png"; bbox 0 0 3144 5006; ppageno 0'>
   <div class='ocr_carea' id='block_1_1' title="bbox 402 380 1766 447">
    <p class='ocr_par' dir='ltr' id='par_1_1' title="bbox 402 380 1766 447">
     <span class='ocr_line' id='line_1_1' title="bbox 402 380 1766 447; baseline -0.007 0"><span class='ocrx_word' id='word_1_1' title='bbox 402 380 530 447; x_wconf 82' lang='grc'>204</span> <span class='ocrx_word' id='word_1_2' title='bbox 1309 385 1649 441; x_wconf 81' lang='grc' dir='ltr'>ιΛιΑΔος</span> <span class='ocrx_word' id='word_1_3' title='bbox 1713 386 1766 440; x_wconf 91' lang='grc' dir='ltr'>ς.</span> 
     </span>
    </p>
   </div>
   <div class='ocr_carea' id='block_1_2' title="bbox 404 515 2494 2153">
    <p class='ocr_par' dir='ltr' id='par_1_2' title="bbox 570 515 2223 931">
     <span class='ocr_line' id='line_1_2' title="bbox 571 515 2019 628; baseline 0.004 -26"><span class='ocrx_word' id='word_1_4' title='bbox 571 544 665 621; x_wconf 82' lang='grc' dir='ltr'>τῷ</span> <span class='ocrx_word' id='word_1_5' title='bbox 707 537 956 616; x_wconf 83' lang='grc' dir='ltr'>ἴκελον,</span> <span class='ocrx_word' id='word_1_6' title='bbox 1004 538 1147 606; x_wconf 84' lang='grc' dir='ltr'>οἷόν</span> <span class='ocrx_word' id='word_1_7' title='bbox 1191 540 1339 605; x_wconf 78' lang='grc' dir='ltr'>ποτ’</span> <span class='ocrx_word' id='word_1_8' title='bbox 1382 540 1477 607; x_wconf 87' lang='grc' dir='ltr'>ἐνὶ</span> <span class='ocrx_word' id='word_1_9' title='bbox 1524 515 1761 626; x_wconf 67' lang='grc' dir='ltr'>Κνωῖᾥ</span> <span class='ocrx_word' id='word_1_10' title='bbox 1806 541 2019 628; x_wconf 82' lang='grc' dir='ltr'>εὐρείῃ</span> 
     </span>
     <span class='ocr_line' id='line_1_3' title="bbox 570 640 2105 731; baseline 0.003 -28"><span class='ocrx_word' id='word_1_11' title='bbox 570 640 902 708; x_wconf 88' lang='grc' dir='ltr'>Δαίδαλος</span> <span class='ocrx_word' id='word_1_12' title='bbox 945 641 1208 721; x_wconf 86' lang='grc' dir='ltr'>ἤςκηςεν</span> <span class='ocrx_word' id='word_1_13' title='bbox 1253 642 1747 728; x_wconf 83' lang='grc' dir='ltr'>καλλιπλοκάμῳ</span> <span class='ocrx_word' id='word_1_14' title='bbox 1790 644 2105 731; x_wconf 82' lang='grc' dir='ltr'>Ἀριάδνῃ.</span> 
     </span>
     <span class='ocr_line' id='line_1_4' title="bbox 572 740 2076 827; baseline 0.003 -21"><span class='ocrx_word' id='word_1_15' title='bbox 572 740 729 806; x_wconf 84' lang='grc' dir='ltr'>ἔνθα</span> <span class='ocrx_word' id='word_1_16' title='bbox 772 745 886 820; x_wconf 82' lang='grc' dir='ltr'>μὲν</span> <span class='ocrx_word' id='word_1_17' title='bbox 931 744 1133 823; x_wconf 82' lang='grc' dir='ltr'>ἠίθεοι</span> <span class='ocrx_word' id='word_1_18' title='bbox 1177 746 1280 810; x_wconf 89' lang='grc' dir='ltr'>καὶ</span> <span class='ocrx_word' id='word_1_19' title='bbox 1321 746 1633 825; x_wconf 86' lang='grc' dir='ltr'>παρθένοι</span> <span class='ocrx_word' id='word_1_20' title='bbox 1677 744 2076 827; x_wconf 88' lang='grc' dir='ltr'>ἀλφεςίβοιαι</span> 
     </span>
     <span class='ocr_line' id='line_1_5' title="bbox 570 843 2223 931; baseline 0.003 -23"><span class='ocrx_word' id='word_1_21' title='bbox 570 843 880 924; x_wconf 75' lang='grc' dir='ltr'>ὠρχεῦντ’</span> <span class='ocrx_word' id='word_1_22' title='bbox 921 845 1224 925; x_wconf 87' lang='grc' dir='ltr'>ἀλλήλων</span> <span class='ocrx_word' id='word_1_23' title='bbox 1268 845 1372 911; x_wconf 79' lang='grc' dir='ltr'>ἐπὶ</span> <span class='ocrx_word' id='word_1_24' title='bbox 1415 853 1638 931; x_wconf 81' lang='grc' dir='ltr'>καρπῷ</span> <span class='ocrx_word' id='word_1_25' title='bbox 1682 851 1899 928; x_wconf 88' lang='grc' dir='ltr'>χεῖρας</span> <span class='ocrx_word' id='word_1_26' title='bbox 1944 847 2223 927; x_wconf 85' lang='grc' dir='ltr'>ἔχοντες.</span> 
     </span>
    </p>

    <p class='ocr_par' dir='ltr' id='par_1_3' title="bbox 411 946 2466 1437">
     <span class='ocr_line' id='line_1_6' title="bbox 411 946 2440 1034; baseline 0.004 -27"><span class='ocrx_word' id='word_1_27' title='bbox 411 949 534 1008; x_wconf 88' lang='grc'>595</span> <span class='ocrx_word' id='word_1_28' title='bbox 580 949 714 1012; x_wconf 86' lang='grc' dir='ltr'>τῶν</span> <span class='ocrx_word' id='word_1_29' title='bbox 760 946 817 1013; x_wconf 83' lang='grc' dir='ltr'>δ’</span> <span class='ocrx_word' id='word_1_30' title='bbox 861 949 931 1013; x_wconf 87' lang='grc' dir='ltr'>αἳ</span> <span class='ocrx_word' id='word_1_31' title='bbox 973 949 1089 1030; x_wconf 83' lang='grc' dir='ltr'>μὲν</span> <span class='ocrx_word' id='word_1_32' title='bbox 1136 949 1372 1014; x_wconf 87' lang='grc' dir='ltr'>λεπτὰς</span> <span class='ocrx_word' id='word_1_33' title='bbox 1417 947 1655 1014; x_wconf 86' lang='grc' dir='ltr'>ὀθόνας</span> <span class='ocrx_word' id='word_1_34' title='bbox 1702 949 1892 1034; x_wconf 83' lang='grc' dir='ltr'>ἔχον,</span> <span class='ocrx_word' id='word_1_35' title='bbox 1938 951 2005 1015; x_wconf 86' lang='grc' dir='ltr'>οἳ</span> <span class='ocrx_word' id='word_1_36' title='bbox 2047 951 2120 1016; x_wconf 79' lang='grc' dir='ltr'>δὲ</span> <span class='ocrx_word' id='word_1_37' title='bbox 2163 955 2440 1030; x_wconf 86' lang='grc' dir='ltr'>χιτῶνας</span> 
     </span>
     <span class='ocr_line' id='line_1_7' title="bbox 576 1047 2007 1135; baseline 0.003 -23"><span class='ocrx_word' id='word_1_38' title='bbox 576 1047 733 1113; x_wconf 80' lang='grc' dir='ltr'>εἵατ’</span> <span class='ocrx_word' id='word_1_39' title='bbox 774 1048 1150 1128; x_wconf 88' lang='grc' dir='ltr'>ἐυννήτους,</span> <span class='ocrx_word' id='word_1_40' title='bbox 1197 1049 1320 1129; x_wconf 86' lang='grc' dir='ltr'>ἦκα</span> <span class='ocrx_word' id='word_1_41' title='bbox 1364 1049 1734 1131; x_wconf 72' lang='grc' dir='ltr'>στίλβοντας</span> <span class='ocrx_word' id='word_1_42' title='bbox 1778 1051 2007 1135; x_wconf 83' lang='grc' dir='ltr'>ἐλαίῳ·</span> 
     </span>
     <span class='ocr_line' id='line_1_8' title="bbox 572 1141 2466 1236; baseline 0.003 -22"><span class='ocrx_word' id='word_1_43' title='bbox 572 1149 676 1214; x_wconf 89' lang='grc' dir='ltr'>καί</span> <span class='ocrx_word' id='word_1_44' title='bbox 719 1150 778 1231; x_wconf 81' lang='grc' dir='ltr'>ῥ’</span> <span class='ocrx_word' id='word_1_45' title='bbox 804 1141 887 1215; x_wconf 50' lang='grc' dir='ltr'>ἀἳ</span> <span class='ocrx_word' id='word_1_46' title='bbox 930 1152 1046 1231; x_wconf 87' lang='grc' dir='ltr'>μὲν</span> <span class='ocrx_word' id='word_1_47' title='bbox 1091 1152 1289 1218; x_wconf 84' lang='grc' dir='ltr'>καλὰς</span> <span class='ocrx_word' id='word_1_48' title='bbox 1332 1152 1655 1233; x_wconf 86' lang='grc' dir='ltr'>ςτεφάνας</span> <span class='ocrx_word' id='word_1_49' title='bbox 1698 1151 1886 1234; x_wconf 87' lang='grc' dir='ltr'>ἔχον,</span> <span class='ocrx_word' id='word_1_50' title='bbox 1933 1154 1999 1218; x_wconf 82' lang='grc' dir='ltr'>οἳ</span> <span class='ocrx_word' id='word_1_51' title='bbox 2041 1155 2113 1219; x_wconf 83' lang='grc' dir='ltr'>δὲ</span> <span class='ocrx_word' id='word_1_52' title='bbox 2157 1154 2466 1236; x_wconf 72' lang='grc' dir='ltr'>μαχαίρας</span> 
     </span>
     <span class='ocr_line' id='line_1_9' title="bbox 574 1249 2044 1335; baseline 0.003 -18"><span class='ocrx_word' id='word_1_53' title='bbox 574 1249 756 1330; x_wconf 82' lang='grc' dir='ltr'>εἶχον</span> <span class='ocrx_word' id='word_1_54' title='bbox 801 1253 1093 1332; x_wconf 89' lang='grc' dir='ltr'>χρυςείας</span> <span class='ocrx_word' id='word_1_55' title='bbox 1137 1253 1204 1320; x_wconf 86' lang='grc' dir='ltr'>ἐξ</span> <span class='ocrx_word' id='word_1_56' title='bbox 1249 1252 1589 1335; x_wconf 84' lang='grc' dir='ltr'>ἀργυρέων</span> <span class='ocrx_word' id='word_1_57' title='bbox 1630 1256 2044 1334; x_wconf 86' lang='grc' dir='ltr'>τελαμώνων.</span> 
     </span>
     <span class='ocr_line' id='line_1_10' title="bbox 572 1352 2243 1437; baseline 0.002 -19"><span class='ocrx_word' id='word_1_58' title='bbox 572 1352 638 1418; x_wconf 87' lang='grc' dir='ltr'>οἳ</span> <span class='ocrx_word' id='word_1_59' title='bbox 682 1354 740 1419; x_wconf 79' lang='grc' dir='ltr'>δ’</span> <span class='ocrx_word' id='word_1_60' title='bbox 784 1353 894 1420; x_wconf 79' lang='grc' dir='ltr'>ὁτὲ</span> <span class='ocrx_word' id='word_1_61' title='bbox 937 1356 1052 1436; x_wconf 79' lang='grc' dir='ltr'>μὲν</span> <span class='ocrx_word' id='word_1_62' title='bbox 1098 1356 1442 1434; x_wconf 84' lang='grc' dir='ltr'>θρέξαςκον</span> <span class='ocrx_word' id='word_1_63' title='bbox 1487 1355 1947 1437; x_wconf 86' lang='grc' dir='ltr'>ἐπιςταμένοιςι</span> <span class='ocrx_word' id='word_1_64' title='bbox 1990 1356 2243 1424; x_wconf 91' lang='grc' dir='ltr'>πόδεςςι</span> 
     </span>
    </p>

    <p class='ocr_par' dir='ltr' id='par_1_4' title="bbox 406 1454 2494 1845">
     <span class='ocr_line' id='line_1_11' title="bbox 406 1454 2494 1543; baseline 0.004 -27"><span class='ocrx_word' id='word_1_65' title='bbox 406 1458 530 1517; x_wconf 88' lang='grc'>600</span> <span class='ocrx_word' id='word_1_66' title='bbox 574 1454 716 1535; x_wconf 80' lang='grc' dir='ltr'>ῥεῖα</span> <span class='ocrx_word' id='word_1_67' title='bbox 759 1455 925 1540; x_wconf 78' lang='grc' dir='ltr'>μάλ’,</span> <span class='ocrx_word' id='word_1_68' title='bbox 975 1457 1066 1524; x_wconf 85' lang='grc' dir='ltr'>ὡς</span> <span class='ocrx_word' id='word_1_69' title='bbox 1110 1457 1221 1523; x_wconf 86' lang='grc' dir='ltr'>ὅτε</span> <span class='ocrx_word' id='word_1_70' title='bbox 1264 1478 1358 1522; x_wconf 91' lang='grc' dir='ltr'>τις</span> <span class='ocrx_word' id='word_1_71' title='bbox 1401 1458 1644 1537; x_wconf 88' lang='grc' dir='ltr'>τροχὸν</span> <span class='ocrx_word' id='word_1_72' title='bbox 1688 1457 1970 1541; x_wconf 87' lang='grc' dir='ltr'>ἄρμενον</span> <span class='ocrx_word' id='word_1_73' title='bbox 2018 1458 2089 1524; x_wconf 86' lang='grc' dir='ltr'>ἐν</span> <span class='ocrx_word' id='word_1_74' title='bbox 2131 1457 2494 1543; x_wconf 82' lang='grc' dir='ltr'>παλάμῃςιν</span> 
     </span>
     <span class='ocr_line' id='line_1_12' title="bbox 573 1555 2175 1646; baseline 0.002 -22"><span class='ocrx_word' id='word_1_75' title='bbox 573 1555 875 1638; x_wconf 84' lang='grc' dir='ltr'>ἑζόμενος</span> <span class='ocrx_word' id='word_1_76' title='bbox 919 1560 1229 1639; x_wconf 85' lang='grc' dir='ltr'>κεραμεὺς</span> <span class='ocrx_word' id='word_1_77' title='bbox 1272 1559 1660 1643; x_wconf 82' lang='grc' dir='ltr'>πειρήςεται,</span> <span class='ocrx_word' id='word_1_78' title='bbox 1705 1560 1775 1626; x_wconf 84' lang='grc' dir='ltr'>αἴ</span> <span class='ocrx_word' id='word_1_79' title='bbox 1817 1581 1886 1627; x_wconf 89' lang='grc' dir='ltr'>κε</span> <span class='ocrx_word' id='word_1_80' title='bbox 1929 1562 2175 1646; x_wconf 84' lang='grc' dir='ltr'>θέῃςιν·</span> 
     </span>
     <span class='ocr_line' id='line_1_13' title="bbox 577 1655 2258 1741; baseline 0.003 -20"><span class='ocrx_word' id='word_1_81' title='bbox 577 1655 812 1725; x_wconf 87' lang='grc' dir='ltr'>ἄλλοτε</span> <span class='ocrx_word' id='word_1_82' title='bbox 860 1660 916 1725; x_wconf 81' lang='grc' dir='ltr'>δ’</span> <span class='ocrx_word' id='word_1_83' title='bbox 961 1660 1042 1726; x_wconf 88' lang='grc' dir='ltr'>αὗ</span> <span class='ocrx_word' id='word_1_84' title='bbox 1086 1661 1430 1741; x_wconf 86' lang='grc' dir='ltr'>θρέξαςκον</span> <span class='ocrx_word' id='word_1_85' title='bbox 1475 1662 1580 1728; x_wconf 86' lang='grc' dir='ltr'>ἐπὶ</span> <span class='ocrx_word' id='word_1_86' title='bbox 1625 1662 1838 1741; x_wconf 89' lang='grc' dir='ltr'>ςτίχας</span> <span class='ocrx_word' id='word_1_87' title='bbox 1879 1662 2258 1741; x_wconf 88' lang='grc' dir='ltr'>ἀλλήλοιςι.-</span> 
     </span>
     <span class='ocr_line' id='line_1_14' title="bbox 569 1762 2201 1845; baseline 0.003 -21"><span class='ocrx_word' id='word_1_88' title='bbox 569 1762 820 1827; x_wconf 88' lang='grc' dir='ltr'>πολλὸς</span> <span class='ocrx_word' id='word_1_89' title='bbox 865 1763 923 1828; x_wconf 81' lang='grc' dir='ltr'>δ’</span> <span class='ocrx_word' id='word_1_90' title='bbox 963 1764 1300 1845; x_wconf 82' lang='grc' dir='ltr'>ἱμερόεντα</span> <span class='ocrx_word' id='word_1_91' title='bbox 1344 1765 1548 1845; x_wconf 87' lang='grc' dir='ltr'>χορὸν</span> <span class='ocrx_word' id='word_1_92' title='bbox 1593 1764 1936 1845; x_wconf 78' lang='grc' dir='ltr'>περιίςτα6’</span> <span class='ocrx_word' id='word_1_93' title='bbox 1979 1764 2201 1844; x_wconf 87' lang='grc' dir='ltr'>ὅμιλος</span> 
     </span>
    </p>

    <p class='ocr_par' dir='ltr' id='par_1_5' title="bbox 464 1863 2333 1948">
     <span class='ocr_line' id='line_1_15' title="bbox 464 1863 2333 1948; baseline 0.003 -21"><span class='ocrx_word' id='word_1_94' title='bbox 464 1917 485 1927; x_wconf 59' lang='grc'>,</span> <span class='ocrx_word' id='word_1_95' title='bbox 568 1863 979 1945; x_wconf 89' lang='grc' dir='ltr'>τερπόμενοι·</span> <span class='ocrx_word' id='word_1_96' title='bbox 1023 1867 1180 1945; x_wconf 88' lang='grc' dir='ltr'>μετὰ</span> <span class='ocrx_word' id='word_1_97' title='bbox 1224 1866 1298 1931; x_wconf 88' lang='grc' dir='ltr'>δέ</span> <span class='ocrx_word' id='word_1_98' title='bbox 1343 1888 1493 1948; x_wconf 89' lang='grc' dir='ltr'>ςφιν</span> <span class='ocrx_word' id='word_1_99' title='bbox 1538 1866 1849 1947; x_wconf 80' lang='grc' dir='ltr'>ἐμέλπετο</span> <span class='ocrx_word' id='word_1_100' title='bbox 1893 1870 2067 1932; x_wconf 83' lang='grc' dir='ltr'>θεῖος</span> <span class='ocrx_word' id='word_1_101' title='bbox 2111 1865 2333 1933; x_wconf 88' lang='grc' dir='ltr'>ἀοιδὸς</span> 
     </span>
    </p>

    <p class='ocr_par' dir='ltr' id='par_1_6' title="bbox 404 1967 2174 2049">
     <span class='ocr_line' id='line_1_16' title="bbox 404 1967 2174 2049; baseline 0.004 -22"><span class='ocrx_word' id='word_1_102' title='bbox 404 1969 527 2028; x_wconf 91' lang='grc'>605</span> <span class='ocrx_word' id='word_1_103' title='bbox 572 1967 944 2047; x_wconf 83' lang='grc' dir='ltr'>φορμίζων·</span> <span class='ocrx_word' id='word_1_104' title='bbox 991 1969 1151 2034; x_wconf 86' lang='grc' dir='ltr'>δοιὼ</span> <span class='ocrx_word' id='word_1_105' title='bbox 1197 1971 1269 2035; x_wconf 79' lang='grc' dir='ltr'>δὲ</span> <span class='ocrx_word' id='word_1_106' title='bbox 1313 1971 1716 2049; x_wconf 85' lang='grc' dir='ltr'>κυβιςτητῆρε</span> <span class='ocrx_word' id='word_1_107' title='bbox 1761 1967 1893 2033; x_wconf 80' lang='grc' dir='ltr'>κατ’</span> <span class='ocrx_word' id='word_1_108' title='bbox 1937 1967 2174 2034; x_wconf 83' lang='grc' dir='ltr'>αὐτοὺς</span> 
     </span>
    </p>

    <p class='ocr_par' dir='ltr' id='par_1_7' title="bbox 567 2069 2113 2153">
     <span class='ocr_line' id='line_1_17' title="bbox 567 2069 2113 2153; baseline -0.001 -20"><span class='ocrx_word' id='word_1_109' title='bbox 567 2069 817 2147; x_wconf 86' lang='grc' dir='ltr'>μολπῆς</span> <span class='ocrx_word' id='word_1_110' title='bbox 861 2069 1249 2153; x_wconf 85' lang='grc' dir='ltr'>ἐξάρχοντος</span> <span class='ocrx_word' id='word_1_111' title='bbox 1294 2070 1587 2136; x_wconf 84' lang='grc' dir='ltr'>ἐδίνευον</span> <span class='ocrx_word' id='word_1_112' title='bbox 1632 2069 1792 2136; x_wconf 85' lang='grc' dir='ltr'>κατὰ</span> <span class='ocrx_word' id='word_1_113' title='bbox 1837 2069 2113 2152; x_wconf 85' lang='grc' dir='ltr'>μέςςους.</span> 
     </span>
    </p>
   </div>
   <div class='ocr_carea' id='block_1_3' title="bbox 400 2268 2694 2615">
    <p class='ocr_par' dir='ltr' id='par_1_8' title="bbox 400 2268 2694 2615">
     <span class='ocr_line' id='line_1_18' title="bbox 537 2268 2694 2340; baseline 0.001 -17"><span class='ocrx_word' id='word_1_114' title='bbox 537 2268 605 2327; x_wconf 92' lang='lat' dir='ltr'>V.</span> <span class='ocrx_word' id='word_1_115' title='bbox 643 2289 691 2325; x_wconf 83' lang='grc' dir='ltr'><strong>ι..</strong></span> <span class='ocrx_word' id='word_1_116' title='bbox 764 2277 860 2327; x_wconf 84' lang='grc'>591</span> <span class='ocrx_word' id='word_1_117' title='bbox 896 2271 1090 2328; x_wconf 82' lang='grc' dir='ltr'>ἵκελον</span> <span class='ocrx_word' id='word_1_118' title='bbox 1128 2271 1337 2331; x_wconf 86' lang='lat' dir='ltr'><strong>CGHL.</strong></span> <span class='ocrx_word' id='word_1_119' title='bbox 1374 2274 1503 2327; x_wconf 83' lang='grc' dir='ltr'>οἷον</span> <span class='ocrx_word' id='word_1_120' title='bbox 1537 2271 1605 2326; x_wconf 88' lang='lat' dir='ltr'>D.</span> <span class='ocrx_word' id='word_1_121' title='bbox 1642 2273 1723 2326; x_wconf 87' lang='grc' dir='ltr'>ἐνι</span> <span class='ocrx_word' id='word_1_122' title='bbox 1761 2274 1826 2325; x_wconf 87' lang='lat' dir='ltr'>A.</span> <span class='ocrx_word' id='word_1_123' title='bbox 1865 2277 2067 2335; x_wconf 83' lang='grc' dir='ltr'>κνωςῷ</span> <span class='ocrx_word' id='word_1_124' title='bbox 2102 2270 2223 2326; x_wconf 87' lang='lat' dir='ltr'>AG:</span> <span class='ocrx_word' id='word_1_125' title='bbox 2269 2276 2504 2340; x_wconf 86' lang='grc' dir='ltr'>κνωςςῷ</span> <span class='ocrx_word' id='word_1_126' title='bbox 2541 2269 2694 2326; x_wconf 81' lang='lat' dir='ltr'>DEG</span> 
     </span>
     <span class='ocr_line' id='line_1_19' title="bbox 401 2337 2693 2407; baseline 0.002 -17"><span class='ocrx_word' id='word_1_127' title='bbox 401 2337 497 2391; x_wconf 89' lang='lat' dir='ltr'>HL</span> <span class='ocrx_word' id='word_1_128' title='bbox 547 2338 870 2393; x_wconf 75' lang='lat' dir='ltr'><strong>Athenaeus</strong></span> <span class='ocrx_word' id='word_1_129' title='bbox 915 2338 983 2404; x_wconf 90' lang='lat' dir='ltr'>V,</span> <span class='ocrx_word' id='word_1_130' title='bbox 1031 2345 1143 2394; x_wconf 88' lang='grc'><strong>181.</strong></span> <span class='ocrx_word' id='word_1_131' title='bbox 1188 2339 1354 2395; x_wconf 73' lang='lat' dir='ltr'><strong>Rhet.</strong></span> <span class='ocrx_word' id='word_1_132' title='bbox 1408 2339 1502 2395; x_wconf 82' lang='lat' dir='ltr'>Gr.</span> <span class='ocrx_word' id='word_1_133' title='bbox 1539 2339 1645 2406; x_wconf 86' lang='lat'>111,</span> <span class='ocrx_word' id='word_1_134' title='bbox 1697 2347 1819 2405; x_wconf 68' lang='lat'>104,</span> <span class='ocrx_word' id='word_1_135' title='bbox 1865 2347 1949 2396; x_wconf 78' lang='lat'>23.</span> <span class='ocrx_word' id='word_1_136' title='bbox 2004 2339 2358 2394; x_wconf 80' lang='lat' dir='ltr'><strong>Herodianus</strong></span> <span class='ocrx_word' id='word_1_137' title='bbox 2405 2341 2533 2407; x_wconf 73' lang='grc' dir='ltr'>περὶ</span> <span class='ocrx_word' id='word_1_138' title='bbox 2569 2341 2693 2406; x_wconf 82' lang='grc' dir='ltr'>ςχη·</span> 
     </span>
     <span class='ocr_line' id='line_1_20' title="bbox 402 2404 2693 2477; baseline 0.001 -18"><span class='ocrx_word' id='word_1_139' title='bbox 402 2409 601 2472; x_wconf 88' lang='grc' dir='ltr'>μάτων</span> <span class='ocrx_word' id='word_1_140' title='bbox 635 2405 722 2460; x_wconf 83' lang='lat' dir='ltr'>ed.</span> <span class='ocrx_word' id='word_1_141' title='bbox 762 2404 930 2460; x_wconf 86' lang='lat' dir='ltr'><strong>Dind.</strong></span> <span class='ocrx_word' id='word_1_142' title='bbox 966 2414 1050 2471; x_wconf 73' lang='grc'>64,</span> <span class='ocrx_word' id='word_1_143' title='bbox 1092 2415 1172 2462; x_wconf 86' lang='grc'>13.</span> <span class='ocrx_word' id='word_1_144' title='bbox 1208 2407 1412 2463; x_wconf 78' lang='lat' dir='ltr'><strong>abhinc</strong></span> <span class='ocrx_word' id='word_1_145' title='bbox 1446 2425 1625 2477; x_wconf 76' lang='lat' dir='ltr'><strong>usque</strong></span> <span class='ocrx_word' id='word_1_146' title='bbox 1662 2407 1735 2462; x_wconf 79' lang='lat' dir='ltr'>ad</span> <span class='ocrx_word' id='word_1_147' title='bbox 1770 2426 1851 2463; x_wconf 79' lang='lat' dir='ltr'>vs.</span> <span class='ocrx_word' id='word_1_148' title='bbox 1888 2414 1985 2463; x_wconf 80' lang='grc'>602</span> <span class='ocrx_word' id='word_1_149' title='bbox 2023 2409 2215 2463; x_wconf 81' lang='grc' dir='ltr'>ἀθετεῖ</span> <span class='ocrx_word' id='word_1_150' title='bbox 2249 2408 2484 2462; x_wconf 75' lang='lat' dir='ltr'><strong>Tzetzea</strong></span> <span class='ocrx_word' id='word_1_151' title='bbox 2509 2407 2634 2461; x_wconf 79' lang='lat' dir='ltr'><strong>Allo</strong></span> <span class='ocrx_word' id='word_1_152' title='bbox 2680 2448 2693 2461; x_wconf 93' lang='lat'><strong>.</strong></span> 
     </span>
     <span class='ocr_line' id='line_1_21' title="bbox 400 2425 2687 2546; baseline 0.002 -20"><span class='ocrx_word' id='word_1_153' title='bbox 400 2480 518 2530; x_wconf 81' lang='lat'><strong>762.</strong></span> <span class='ocrx_word' id='word_1_154' title='bbox 552 2505 621 2515; x_wconf 90' lang='lat'>—</span> <span class='ocrx_word' id='word_1_155' title='bbox 657 2479 756 2530; x_wconf 78' lang='grc'>592</span> <span class='ocrx_word' id='word_1_156' title='bbox 791 2475 994 2544; x_wconf 81' lang='grc' dir='ltr'>ἦςκηςε</span> <span class='ocrx_word' id='word_1_157' title='bbox 1032 2474 1072 2533; x_wconf 91' lang='lat' dir='ltr'>C</span> <span class='ocrx_word' id='word_1_158' title='bbox 1110 2474 1268 2531; x_wconf 74' lang='lat' dir='ltr'><strong>Vrat.</strong></span> <span class='ocrx_word' id='word_1_159' title='bbox 1306 2478 1372 2531; x_wconf 88' lang='lat' dir='ltr'>A.</span> <span class='ocrx_word' id='word_1_160' title='bbox 1409 2477 1839 2544; x_wconf 83' lang='grc' dir='ltr'>καλιπλοκάμωι</span> <span class='ocrx_word' id='word_1_161' title='bbox 1875 2475 1987 2532; x_wconf 93' lang='lat' dir='ltr'>CD.</span> <span class='ocrx_word' id='word_1_162' title='bbox 2036 2506 2100 2516; x_wconf 88' lang='lat'>—</span> <span class='ocrx_word' id='word_1_163' title='bbox 2138 2482 2238 2532; x_wconf 83' lang='grc'>593</span> <span class='ocrx_word' id='word_1_164' title='bbox 2273 2477 2463 2546; x_wconf 86' lang='grc' dir='ltr'>ἠίθεος</span> <span class='ocrx_word' id='word_1_165' title='bbox 2501 2478 2544 2530; x_wconf 84' lang='grc' dir='ltr'><strong>Α</strong></span> <span class='ocrx_word' id='word_1_166' title='bbox 2589 2425 2687 2535; x_wconf 63' lang='lat' dir='ltr'>off.</span> 
     </span>
     <span class='ocr_line' id='line_1_22' title="bbox 401 2542 2691 2615; baseline 0 -19"><span class='ocrx_word' id='word_1_167' title='bbox 401 2542 571 2613; x_wconf 89' lang='lat' dir='ltr'><strong>Soph.</strong></span> <span class='ocrx_word' id='word_1_168' title='bbox 611 2548 692 2606; x_wconf 79' lang='lat'>24.</span> <span class='ocrx_word' id='word_1_169' title='bbox 733 2549 777 2598; x_wconf 90' lang='lat'>1.</span> <span class='ocrx_word' id='word_1_170' title='bbox 812 2544 1158 2612; x_wconf 81' lang='grc' dir='ltr'>ἀλφεςίβοιαι</span> <span class='ocrx_word' id='word_1_171' title='bbox 1183 2546 1249 2598; x_wconf 87' lang='lat' dir='ltr'>A.</span> <span class='ocrx_word' id='word_1_172' title='bbox 1283 2575 1346 2586; x_wconf 84' lang='lat'>—-</span> <span class='ocrx_word' id='word_1_173' title='bbox 1386 2552 1486 2601; x_wconf 70' lang='lat'>594</span> <span class='ocrx_word' id='word_1_174' title='bbox 1522 2546 1616 2600; x_wconf 83' lang='grc' dir='ltr'>ἐπι</span> <span class='ocrx_word' id='word_1_175' title='bbox 1643 2547 1707 2599; x_wconf 88' lang='lat' dir='ltr'>A.</span> <span class='ocrx_word' id='word_1_176' title='bbox 1743 2546 1828 2600; x_wconf 75' lang='grc' dir='ltr'>ἐνὶ</span> <span class='ocrx_word' id='word_1_177' title='bbox 1863 2544 1916 2598; x_wconf 91' lang='lat' dir='ltr'>H</span> <span class='ocrx_word' id='word_1_178' title='bbox 1950 2544 2112 2599; x_wconf 80' lang='lat' dir='ltr'><strong>Vrat.</strong></span> <span class='ocrx_word' id='word_1_179' title='bbox 2136 2544 2191 2598; x_wconf 88' lang='lat' dir='ltr'>d.</span> <span class='ocrx_word' id='word_1_180' title='bbox 2231 2546 2449 2615; x_wconf 51' lang='grc' dir='ltr'>ἔχουςα)</span> <span class='ocrx_word' id='word_1_181' title='bbox 2484 2546 2535 2597; x_wconf 90' lang='lat' dir='ltr'><strong>A</strong></span> <span class='ocrx_word' id='word_1_182' title='bbox 2603 2559 2691 2598; x_wconf 86' lang='lat' dir='ltr'>en.</span> 
     </span>
    </p>
   </div>
   <div class='ocr_carea' id='block_1_4' title="bbox 376 2618 2692 3465">
    <p class='ocr_par' dir='ltr' id='par_1_9' title="bbox 376 2618 2692 3465">
     <span class='ocr_line' id='line_1_23' title="bbox 400 2618 2692 2723; baseline 0 -27"><span class='ocrx_word' id='word_1_183' title='bbox 400 2644 468 2707; x_wconf 85' lang='lat' dir='ltr'>V,</span> <span class='ocrx_word' id='word_1_184' title='bbox 510 2650 622 2703; x_wconf 86' lang='lat'>181.</span> <span class='ocrx_word' id='word_1_185' title='bbox 661 2675 722 2685; x_wconf 93' lang='lat'>—</span> <span class='ocrx_word' id='word_1_186' title='bbox 760 2651 859 2701; x_wconf 92' lang='grc'>595</span> <span class='ocrx_word' id='word_1_187' title='bbox 895 2646 954 2701; x_wconf 81' lang='grc' dir='ltr'>αἳ</span> <span class='ocrx_word' id='word_1_188' title='bbox 985 2618 1092 2714; x_wconf 61' lang='grc' dir='ltr'>Ῑιῖν</span> <span class='ocrx_word' id='word_1_189' title='bbox 1128 2645 1186 2701; x_wconf 89' lang='lat' dir='ltr'>C.</span> <span class='ocrx_word' id='word_1_190' title='bbox 1224 2648 1382 2713; x_wconf 82' lang='grc' dir='ltr'>εϊχον</span> <span class='ocrx_word' id='word_1_191' title='bbox 1405 2646 1474 2701; x_wconf 91' lang='lat' dir='ltr'>D.</span> <span class='ocrx_word' id='word_1_192' title='bbox 1511 2646 1567 2702; x_wconf 85' lang='grc' dir='ltr'>οἳ</span> <span class='ocrx_word' id='word_1_193' title='bbox 1600 2649 1662 2702; x_wconf 80' lang='grc' dir='ltr'>δὲ</span> <span class='ocrx_word' id='word_1_194' title='bbox 1686 2646 1746 2702; x_wconf 88' lang='lat' dir='ltr'>C.</span> <span class='ocrx_word' id='word_1_195' title='bbox 1786 2676 1845 2686; x_wconf 87' lang='lat'><strong>—</strong></span> <span class='ocrx_word' id='word_1_196' title='bbox 1884 2652 1983 2701; x_wconf 91' lang='grc'>596</span> <span class='ocrx_word' id='word_1_197' title='bbox 2018 2646 2176 2701; x_wconf 77' lang='grc' dir='ltr'>εἵατο</span> <span class='ocrx_word' id='word_1_198' title='bbox 2213 2643 2308 2700; x_wconf 87' lang='lat' dir='ltr'>GL</span> <span class='ocrx_word' id='word_1_199' title='bbox 2343 2644 2406 2699; x_wconf 89' lang='lat' dir='ltr'>Li</span> <span class='ocrx_word' id='word_1_200' title='bbox 2450 2662 2493 2698; x_wconf 77' lang='lat' dir='ltr'>s.</span> <span class='ocrx_word' id='word_1_201' title='bbox 2530 2646 2692 2723; x_wconf 77' lang='grc' dir='ltr'>εἶχον</span> 
     </span>
     <span class='ocr_line' id='line_1_24' title="bbox 399 2710 2687 2783; baseline -0.001 -16"><span class='ocrx_word' id='word_1_202' title='bbox 399 2711 444 2767; x_wconf 89' lang='grc' dir='ltr'>Ε</span> <span class='ocrx_word' id='word_1_203' title='bbox 480 2711 639 2773; x_wconf 76' lang='lat' dir='ltr'><strong>Rom.</strong></span> <span class='ocrx_word' id='word_1_204' title='bbox 684 2715 994 2783; x_wconf 76' lang='grc' dir='ltr'>ἐϋννήτους</span> <span class='ocrx_word' id='word_1_205' title='bbox 1038 2714 1179 2770; x_wconf 85' lang='lat' dir='ltr'>ACE</span> <span class='ocrx_word' id='word_1_206' title='bbox 1227 2720 1374 2780; x_wconf 82' lang='grc'><strong>1166,</strong></span> <span class='ocrx_word' id='word_1_207' title='bbox 1421 2721 1485 2768; x_wconf 83' lang='grc'>57</span> <span class='ocrx_word' id='word_1_208' title='bbox 1499 2735 1514 2768; x_wconf 80' lang='lat'><em>=</em></span> <span class='ocrx_word' id='word_1_209' title='bbox 1563 2716 1627 2770; x_wconf 82' lang='grc' dir='ltr'>εὐ</span> <span class='ocrx_word' id='word_1_210' title='bbox 1706 2732 1840 2771; x_wconf 88' lang='grc' dir='ltr'>τους</span> <span class='ocrx_word' id='word_1_211' title='bbox 1884 2712 1983 2768; x_wconf 89' lang='lat' dir='ltr'>DE</span> <span class='ocrx_word' id='word_1_212' title='bbox 2032 2720 2163 2769; x_wconf 83' lang='grc'><strong>1165</strong></span> <span class='ocrx_word' id='word_1_213' title='bbox 2227 2719 2293 2767; x_wconf 80' lang='grc'>62</span> <span class='ocrx_word' id='word_1_214' title='bbox 2340 2711 2387 2768; x_wconf 76' lang='lat' dir='ltr'>G</span> <span class='ocrx_word' id='word_1_215' title='bbox 2535 2710 2687 2783; x_wconf 75' lang='lat' dir='ltr'><strong>Llpe.</strong></span> 
     </span>
     <span class='ocr_line' id='line_1_25' title="bbox 401 2755 2689 2850; baseline -0.001 -15"><span class='ocrx_word' id='word_1_216' title='bbox 401 2781 626 2836; x_wconf 79' lang='lat' dir='ltr'><strong>Barooo.</strong></span> <span class='ocrx_word' id='word_1_217' title='bbox 663 2780 820 2837; x_wconf 75' lang='lat' dir='ltr'><strong>Cant.</strong></span> <span class='ocrx_word' id='word_1_218' title='bbox 860 2782 1000 2837; x_wconf 84' lang='lat' dir='ltr'><strong>Mor.</strong></span> <span class='ocrx_word' id='word_1_219' title='bbox 1046 2782 1197 2837; x_wconf 73' lang='lat' dir='ltr'><strong>Harl.</strong></span> <span class='ocrx_word' id='word_1_220' title='bbox 1232 2782 1361 2838; x_wconf 76' lang='lat' dir='ltr'>Vat.</span> <span class='ocrx_word' id='word_1_221' title='bbox 1407 2781 1620 2838; x_wconf 81' lang='lat' dir='ltr'><strong>Townl.</strong></span> <span class='ocrx_word' id='word_1_222' title='bbox 1713 2788 1821 2837; x_wconf 79' lang='lat' dir='ltr'><strong>rat.</strong></span> <span class='ocrx_word' id='word_1_223' title='bbox 1869 2782 1924 2836; x_wconf 92' lang='lat' dir='ltr'>b.</span> <span class='ocrx_word' id='word_1_224' title='bbox 1971 2781 2027 2834; x_wconf 85' lang='lat' dir='ltr'>d.</span> <span class='ocrx_word' id='word_1_225' title='bbox 2066 2783 2130 2835; x_wconf 85' lang='lat' dir='ltr'>A.</span> <span class='ocrx_word' id='word_1_226' title='bbox 2174 2755 2365 2850; x_wconf 50' lang='grc' dir='ltr'>Ἔπειτα,</span> <span class='ocrx_word' id='word_1_227' title='bbox 2415 2779 2584 2834; x_wconf 68' lang='lat' dir='ltr'><strong>Mose.</strong></span> <span class='ocrx_word' id='word_1_228' title='bbox 2623 2810 2689 2819; x_wconf 89' lang='lat'>—</span> 
     </span>
     <span class='ocr_line' id='line_1_26' title="bbox 399 2848 2690 2917; baseline -0.001 -12"><span class='ocrx_word' id='word_1_229' title='bbox 399 2856 498 2905; x_wconf 80' lang='grc'>597</span> <span class='ocrx_word' id='word_1_230' title='bbox 535 2851 590 2905; x_wconf 76' lang='grc' dir='ltr'>οἱ</span> <span class='ocrx_word' id='word_1_231' title='bbox 627 2852 730 2917; x_wconf 82' lang='grc' dir='ltr'>μὲν</span> <span class='ocrx_word' id='word_1_232' title='bbox 766 2849 949 2906; x_wconf 82' lang='lat' dir='ltr'><strong>Schol.</strong></span> <span class='ocrx_word' id='word_1_233' title='bbox 991 2852 1031 2906; x_wconf 90' lang='grc' dir='ltr'>Β</span> <span class='ocrx_word' id='word_1_234' title='bbox 1068 2857 1151 2906; x_wconf 79' lang='grc'>67.</span> <span class='ocrx_word' id='word_1_235' title='bbox 1198 2852 1513 2917; x_wconf 84' lang='grc' dir='ltr'>ςτεφάνους</span> <span class='ocrx_word' id='word_1_236' title='bbox 1550 2851 1604 2905; x_wconf 85' lang='lat' dir='ltr'>S.</span> <span class='ocrx_word' id='word_1_237' title='bbox 1650 2849 1706 2905; x_wconf 73' lang='grc' dir='ltr'>οἳ</span> <span class='ocrx_word' id='word_1_238' title='bbox 1741 2853 1803 2906; x_wconf 79' lang='grc' dir='ltr'>δε</span> <span class='ocrx_word' id='word_1_239' title='bbox 1840 2849 1896 2905; x_wconf 88' lang='lat' dir='ltr'>G.</span> <span class='ocrx_word' id='word_1_240' title='bbox 1946 2879 2007 2890; x_wconf 89' lang='lat'>—-</span> <span class='ocrx_word' id='word_1_241' title='bbox 2055 2855 2155 2905; x_wconf 92' lang='grc'>598</span> <span class='ocrx_word' id='word_1_242' title='bbox 2189 2851 2320 2917; x_wconf 82' lang='grc' dir='ltr'>ἔχον</span> <span class='ocrx_word' id='word_1_243' title='bbox 2356 2848 2425 2905; x_wconf 93' lang='grc' dir='ltr'>Η.</span> <span class='ocrx_word' id='word_1_244' title='bbox 2478 2878 2539 2888; x_wconf 91' lang='grc'><strong>-</strong></span> <span class='ocrx_word' id='word_1_245' title='bbox 2588 2854 2690 2903; x_wconf 87' lang='grc'>599</span> 
     </span>
     <span class='ocr_line' id='line_1_27' title="bbox 402 2916 2686 2984; baseline -0.001 -12"><span class='ocrx_word' id='word_1_246' title='bbox 402 2919 512 2973; x_wconf 76' lang='grc' dir='ltr'>οἵδ’</span> <span class='ocrx_word' id='word_1_247' title='bbox 547 2917 810 2974; x_wconf 87' lang='lat' dir='ltr'><strong>CDGHL.</strong></span> <span class='ocrx_word' id='word_1_248' title='bbox 846 2921 945 2973; x_wconf 84' lang='grc' dir='ltr'>ὅτε</span> <span class='ocrx_word' id='word_1_249' title='bbox 981 2917 1079 2972; x_wconf 91' lang='grc' dir='ltr'>ΒΕ</span> <span class='ocrx_word' id='word_1_250' title='bbox 1121 2923 1267 2984; x_wconf 87' lang='grc'><strong>1166,</strong></span> <span class='ocrx_word' id='word_1_251' title='bbox 1305 2926 1363 2982; x_wconf 78' lang='lat'>2;</span> <span class='ocrx_word' id='word_1_252' title='bbox 1401 2926 1484 2974; x_wconf 82' lang='lat'>40.</span> <span class='ocrx_word' id='word_1_253' title='bbox 1534 2921 1761 2975; x_wconf 88' lang='grc' dir='ltr'>πόδεςςι</span> <span class='ocrx_word' id='word_1_254' title='bbox 1798 2916 2009 2976; x_wconf 84' lang='lat' dir='ltr'><strong>ACEG.</strong></span> <span class='ocrx_word' id='word_1_255' title='bbox 2050 2949 2112 2959; x_wconf 89' lang='lat'><em>-</em></span> <span class='ocrx_word' id='word_1_256' title='bbox 2148 2923 2250 2971; x_wconf 82' lang='grc'>600</span> <span class='ocrx_word' id='word_1_257' title='bbox 2283 2920 2370 2972; x_wconf 80' lang='grc' dir='ltr'>τῖς</span> <span class='ocrx_word' id='word_1_258' title='bbox 2406 2916 2466 2970; x_wconf 83' lang='lat' dir='ltr'>C.</span> <span class='ocrx_word' id='word_1_259' title='bbox 2518 2918 2686 2984; x_wconf 78' lang='grc' dir='ltr'>ἄρμε-</span> 
     </span>
     <span class='ocr_line' id='line_1_28' title="bbox 401 2982 2686 3055; baseline -0.001 -17"><span class='ocrx_word' id='word_1_260' title='bbox 401 3003 505 3041; x_wconf 91' lang='grc' dir='ltr'>νον</span> <span class='ocrx_word' id='word_1_261' title='bbox 541 2985 690 3045; x_wconf 79' lang='lat' dir='ltr'>CGH</span> <span class='ocrx_word' id='word_1_262' title='bbox 725 2987 867 3041; x_wconf 82' lang='lat' dir='ltr'><strong>Flor.</strong></span> <span class='ocrx_word' id='word_1_263' title='bbox 913 2986 1000 3045; x_wconf 78' lang='lat' dir='ltr'>Et.</span> <span class='ocrx_word' id='word_1_264' title='bbox 1049 2985 1108 3040; x_wconf 84' lang='lat' dir='ltr'><strong>M</strong></span> <span class='ocrx_word' id='word_1_265' title='bbox 1149 3029 1160 3039; x_wconf 93' lang='lat'><strong>.</strong></span> <span class='ocrx_word' id='word_1_266' title='bbox 1201 2993 1325 3053; x_wconf 85' lang='grc'>769,</span> <span class='ocrx_word' id='word_1_267' title='bbox 1363 2991 1445 3045; x_wconf 83' lang='grc'>48.</span> <span class='ocrx_word' id='word_1_268' title='bbox 1499 2989 1746 3054; x_wconf 81' lang='grc' dir='ltr'>ἀρμενον</span> <span class='ocrx_word' id='word_1_269' title='bbox 1781 2987 1845 3039; x_wconf 72' lang='grc' dir='ltr'>Α.</span> <span class='ocrx_word' id='word_1_270' title='bbox 1908 3016 1966 3024; x_wconf 84' lang='grc'><strong>-</strong></span> <span class='ocrx_word' id='word_1_271' title='bbox 2022 2991 2119 3041; x_wconf 89' lang='grc'>601</span> <span class='ocrx_word' id='word_1_272' title='bbox 2167 2987 2321 3054; x_wconf 81' lang='grc' dir='ltr'>θέῃςι</span> <span class='ocrx_word' id='word_1_273' title='bbox 2357 2984 2410 3037; x_wconf 92' lang='grc' dir='ltr'><strong><em>Η</em></strong></span> <span class='ocrx_word' id='word_1_274' title='bbox 2447 2985 2532 3040; x_wconf 72' lang='lat' dir='ltr'>Et.</span> <span class='ocrx_word' id='word_1_275' title='bbox 2569 2982 2686 3055; x_wconf 79' lang='lat' dir='ltr'>Mg.</span> 
     </span>
     <span class='ocr_line' id='line_1_29' title="bbox 376 3052 2689 3189; baseline -0.001 -13"><span class='ocrx_word' id='word_1_276' title='bbox 376 3059 636 3176; x_wconf 44' lang='lat'>&#39;33142</span> <span class='ocrx_word' id='word_1_277' title='bbox 689 3056 1112 3185; x_wconf 45' lang='lat' dir='ltr'>zssffissfssfs..</span> <span class='ocrx_word' id='word_1_278' title='bbox 1146 3055 1357 3177; x_wconf 58' lang='lat'>3³32&amp;</span> <span class='ocrx_word' id='word_1_279' title='bbox 1404 3054 1911 3178; x_wconf 53' lang='lat' dir='ltr'>F¹⁰Eb3⁰⁸310ffi⁶2⁶⁸</span> <span class='ocrx_word' id='word_1_280' title='bbox 1939 3071 2039 3176; x_wconf 68' lang='grc' dir='ltr'>ξὲῖ</span> <span class='ocrx_word' id='word_1_281' title='bbox 2081 3052 2689 3189; x_wconf 54' lang='grc' dir='ltr'>ΜΡἙυῖἷὲἑρῖῗὲἒέἕέἔ</span> 
     </span>
     <span class='ocr_line' id='line_1_30' title="bbox 401 3187 2690 3259; baseline 0 -15"><span class='ocrx_word' id='word_1_282' title='bbox 401 3189 540 3245; x_wconf 84' lang='lat' dir='ltr'><strong>Mor.</strong></span> <span class='ocrx_word' id='word_1_283' title='bbox 582 3190 907 3246; x_wconf 73' lang='lat' dir='ltr'><strong>Athenaeus</strong></span> <span class='ocrx_word' id='word_1_284' title='bbox 943 3191 1012 3256; x_wconf 84' lang='lat' dir='ltr'>V,</span> <span class='ocrx_word' id='word_1_285' title='bbox 1052 3197 1146 3246; x_wconf 87' lang='grc'>181</span> <span class='ocrx_word' id='word_1_286' title='bbox 1194 3191 1297 3245; x_wconf 80' lang='lat' dir='ltr'><strong>bis.</strong></span> <span class='ocrx_word' id='word_1_287' title='bbox 1384 3191 1485 3246; x_wconf 81' lang='grc' dir='ltr'>ετὰ</span> <span class='ocrx_word' id='word_1_288' title='bbox 1527 3190 1588 3245; x_wconf 91' lang='grc' dir='ltr'>δέ</span> <span class='ocrx_word' id='word_1_289' title='bbox 1624 3207 1757 3259; x_wconf 89' lang='grc' dir='ltr'>ςφιν</span> <span class='ocrx_word' id='word_1_290' title='bbox 1792 3220 1856 3230; x_wconf 88' lang='grc'>--</span> <span class='ocrx_word' id='word_1_291' title='bbox 1910 3189 2202 3258; x_wconf 87' lang='grc' dir='ltr'>φορμίζων</span> <span class='ocrx_word' id='word_1_292' title='bbox 2238 3188 2509 3243; x_wconf 76' lang='lat' dir='ltr'><strong>omittunt.</strong></span> <span class='ocrx_word' id='word_1_293' title='bbox 2540 3187 2690 3244; x_wconf 86' lang='lat' dir='ltr'><strong>libri.</strong></span> 
     </span>
     <span class='ocr_line' id='line_1_31' title="bbox 409 3209 2690 3379; baseline -0.001 -68"><span class='ocrx_word' id='word_1_294' title='bbox 409 3290 473 3298; x_wconf 95' lang='lat'>—-</span> <span class='ocrx_word' id='word_1_295' title='bbox 510 3263 610 3312; x_wconf 86' lang='grc'>605</span> <span class='ocrx_word' id='word_1_296' title='bbox 646 3260 765 3313; x_wconf 79' lang='grc' dir='ltr'>δύω</span> <span class='ocrx_word' id='word_1_297' title='bbox 800 3257 870 3312; x_wconf 92' lang='grc' dir='ltr'>Β.</span> <span class='ocrx_word' id='word_1_298' title='bbox 914 3263 1309 3327; x_wconf 82' lang='grc' dir='ltr'>κυβϊςτητῆρες</span> <span class='ocrx_word' id='word_1_299' title='bbox 1345 3209 1413 3313; x_wconf 54' lang='grc' dir='ltr'><strong>ἵ).</strong></span> <span class='ocrx_word' id='word_1_300' title='bbox 1448 3263 1770 3379; x_wconf 60' lang='grc' dir='ltr'>κυβιςτῆὶες</span> <span class='ocrx_word' id='word_1_301' title='bbox 1806 3257 2368 3340; x_wconf 44' lang='grc' dir='ltr'>Τοπιηκυβηςτῆρε</span> <span class='ocrx_word' id='word_1_302' title='bbox 2403 3255 2515 3309; x_wconf 85' lang='lat' dir='ltr'>HL.</span> <span class='ocrx_word' id='word_1_303' title='bbox 2563 3271 2690 3309; x_wconf 83' lang='grc' dir='ltr'>κατ-</span> 
     </span>
     <span class='ocr_line' id='line_1_32' title="bbox 395 3321 2686 3394; baseline -0.002 -14"><span class='ocrx_word' id='word_1_304' title='bbox 395 3327 607 3381; x_wconf 87' lang='grc' dir='ltr'>αυτούς</span> <span class='ocrx_word' id='word_1_305' title='bbox 642 3325 710 3384; x_wconf 89' lang='grc' dir='ltr'><strong>Η.</strong></span> <span class='ocrx_word' id='word_1_306' title='bbox 758 3356 823 3368; x_wconf 90' lang='lat'>-</span> <span class='ocrx_word' id='word_1_307' title='bbox 882 3332 984 3381; x_wconf 92' lang='grc'>606</span> <span class='ocrx_word' id='word_1_308' title='bbox 1039 3328 1370 3394; x_wconf 82' lang='grc' dir='ltr'>ἐξάρχοντες</span> <span class='ocrx_word' id='word_1_309' title='bbox 1418 3325 1664 3381; x_wconf 82' lang='lat' dir='ltr'><strong>ACDEG</strong></span> <span class='ocrx_word' id='word_1_310' title='bbox 1759 3327 1818 3380; x_wconf 81' lang='lat' dir='ltr'>et</span> <span class='ocrx_word' id='word_1_311' title='bbox 1852 3325 2058 3394; x_wconf 75' lang='lat' dir='ltr'><strong>Heynu</strong></span> <span class='ocrx_word' id='word_1_312' title='bbox 2092 3325 2239 3384; x_wconf 82' lang='lat' dir='ltr'><strong>hbn.</strong></span> <span class='ocrx_word' id='word_1_313' title='bbox 2283 3326 2580 3392; x_wconf 80' lang='grc' dir='ltr'>ἐξάρχοντε</span> <span class='ocrx_word' id='word_1_314' title='bbox 2617 3321 2686 3376; x_wconf 87' lang='lat' dir='ltr'>H.</span> 
     </span>
     <span class='ocr_line' id='line_1_33' title="bbox 400 3393 1861 3465; baseline 0 -17"><span class='ocrx_word' id='word_1_315' title='bbox 400 3394 616 3465; x_wconf 74' lang='grc' dir='ltr'>ἐδίνεον</span> <span class='ocrx_word' id='word_1_316' title='bbox 650 3393 696 3448; x_wconf 88' lang='grc' dir='ltr'><strong>Ε</strong></span> <span class='ocrx_word' id='word_1_317' title='bbox 735 3398 883 3460; x_wconf 85' lang='grc'><strong>1166,</strong></span> <span class='ocrx_word' id='word_1_318' title='bbox 917 3399 951 3450; x_wconf 90' lang='grc'><strong>8</strong></span> <span class='ocrx_word' id='word_1_319' title='bbox 985 3393 1145 3450; x_wconf 82' lang='lat' dir='ltr'><strong>Rom.</strong></span> <span class='ocrx_word' id='word_1_320' title='bbox 1183 3394 1370 3464; x_wconf 84' lang='lat' dir='ltr'><strong>Frgm.</strong></span> <span class='ocrx_word' id='word_1_321' title='bbox 1408 3394 1577 3454; x_wconf 76' lang='lat' dir='ltr'><strong>Mose.</strong></span> <span class='ocrx_word' id='word_1_322' title='bbox 1615 3412 1759 3450; x_wconf 90' lang='grc' dir='ltr'>κατα</span> <span class='ocrx_word' id='word_1_323' title='bbox 1795 3394 1861 3448; x_wconf 89' lang='lat' dir='ltr'>A.</span> 
     </span>
    </p>
   </div>
   <div class='ocr_carea' id='block_1_5' title="bbox 405 3534 809 3546">
    <p class='ocr_par' dir='ltr' id='par_1_10' title="bbox 405 3534 809 3546">
     <span class='ocr_line' id='line_1_34' title="bbox 405 3534 809 3546; baseline 0 0"><span class='ocrx_word' id='word_1_324' title='bbox 405 3534 809 3546; x_wconf 95' lang='lat' dir='ltr'> </span> 
     </span>
    </p>
   </div>
   <div class='ocr_carea' id='block_1_6' title="bbox 399 3598 2688 4345">
    <p class='ocr_par' dir='ltr' id='par_1_11' title="bbox 399 3598 2688 4345">
     <span class='ocr_line' id='line_1_35' title="bbox 538 3598 2685 3669; baseline -0 -18"><span class='ocrx_word' id='word_1_325' title='bbox 538 3600 604 3653; x_wconf 91' lang='lat' dir='ltr'>A.</span> <span class='ocrx_word' id='word_1_326' title='bbox 646 3617 692 3653; x_wconf 90' lang='lat' dir='ltr'>c.</span> <span class='ocrx_word' id='word_1_327' title='bbox 765 3604 866 3653; x_wconf 81' lang='lat'>592</span> <span class='ocrx_word' id='word_1_328' title='bbox 903 3599 1055 3666; x_wconf 81' lang='grc' dir='ltr'>παρὰ</span> <span class='ocrx_word' id='word_1_329' title='bbox 1079 3601 1318 3667; x_wconf 86' lang='grc' dir='ltr'>ζηνοδότ</span> <span class='ocrx_word' id='word_1_330' title='bbox 1407 3599 1497 3668; x_wconf 85' lang='grc' dir='ltr'>ἀρι</span> <span class='ocrx_word' id='word_1_331' title='bbox 1540 3601 1644 3669; x_wconf 83' lang='grc' dir='ltr'>δνῃ</span> <span class='ocrx_word' id='word_1_332' title='bbox 1680 3598 2027 3667; x_wconf 76' lang='lat' dir='ltr'><strong>Didymus.</strong></span> <span class='ocrx_word' id='word_1_333' title='bbox 2051 3628 2115 3637; x_wconf 95' lang='lat'><strong>—</strong></span> <span class='ocrx_word' id='word_1_334' title='bbox 2154 3604 2270 3658; x_wconf 80' lang='grc'>597.</span> <span class='ocrx_word' id='word_1_335' title='bbox 2294 3602 2393 3653; x_wconf 89' lang='grc'>598</span> <span class='ocrx_word' id='word_1_336' title='bbox 2417 3598 2685 3653; x_wconf 84' lang='grc' dir='ltr'>ἀθετοῦν-</span> 
     </span>
     <span class='ocr_line' id='line_1_36' title="bbox 401 3617 2685 3735; baseline -0.001 -15"><span class='ocrx_word' id='word_1_337' title='bbox 401 3684 510 3722; x_wconf 86' lang='grc' dir='ltr'>ται.</span> <span class='ocrx_word' id='word_1_338' title='bbox 552 3668 685 3722; x_wconf 79' lang='grc' dir='ltr'>οὐδὲ</span> <span class='ocrx_word' id='word_1_339' title='bbox 720 3669 872 3735; x_wconf 81' lang='grc' dir='ltr'>παρὰ</span> <span class='ocrx_word' id='word_1_340' title='bbox 909 3668 1297 3734; x_wconf 85' lang='grc' dir='ltr'>Ἀριςτοφάνει</span> <span class='ocrx_word' id='word_1_341' title='bbox 1323 3617 1471 3735; x_wconf 35' lang='lat' dir='ltr'>§geom</span> <span class='ocrx_word' id='word_1_342' title='bbox 1549 3667 1693 3722; x_wconf 84' lang='lat' dir='ltr'><strong>chol.</strong></span> <span class='ocrx_word' id='word_1_343' title='bbox 1735 3669 1797 3722; x_wconf 87' lang='lat' dir='ltr'>A.</span> <span class='ocrx_word' id='word_1_344' title='bbox 1833 3696 1900 3707; x_wconf 91' lang='lat'>-—</span> <span class='ocrx_word' id='word_1_345' title='bbox 1934 3672 2035 3720; x_wconf 78' lang='grc'>604</span> <span class='ocrx_word' id='word_1_346' title='bbox 2070 3668 2103 3720; x_wconf 86' lang='grc' dir='ltr'>ὁ</span> <span class='ocrx_word' id='word_1_347' title='bbox 2138 3667 2189 3720; x_wconf 83' lang='grc' dir='ltr'>δ’</span> <span class='ocrx_word' id='word_1_348' title='bbox 2226 3666 2580 3733; x_wconf 86' lang='grc' dir='ltr'>Ἀρίςταρχος</span> <span class='ocrx_word' id='word_1_349' title='bbox 2615 3668 2685 3720; x_wconf 86' lang='grc' dir='ltr'>οὐ</span> 
     </span>
     <span class='ocr_line' id='line_1_37' title="bbox 403 3734 2685 3802; baseline -0.001 -13"><span class='ocrx_word' id='word_1_350' title='bbox 403 3739 583 3801; x_wconf 88' lang='grc' dir='ltr'>μόνον</span> <span class='ocrx_word' id='word_1_351' title='bbox 619 3735 697 3790; x_wconf 82' lang='grc' dir='ltr'>εἰς</span> <span class='ocrx_word' id='word_1_352' title='bbox 732 3736 802 3788; x_wconf 88' lang='grc' dir='ltr'>τὸ</span> <span class='ocrx_word' id='word_1_353' title='bbox 837 3740 942 3790; x_wconf 80' lang='grc' dir='ltr'>τοῦ</span> <span class='ocrx_word' id='word_1_354' title='bbox 981 3735 1279 3790; x_wconf 86' lang='grc' dir='ltr'>Μενελάου</span> <span class='ocrx_word' id='word_1_355' title='bbox 1315 3736 1621 3802; x_wconf 87' lang='grc' dir='ltr'>ςυμπόςιον</span> <span class='ocrx_word' id='word_1_356' title='bbox 1656 3736 1913 3801; x_wconf 84' lang='grc' dir='ltr'>ἐμβαλὼν</span> <span class='ocrx_word' id='word_1_357' title='bbox 1947 3735 2046 3789; x_wconf 83' lang='grc' dir='ltr'>οὓς</span> <span class='ocrx_word' id='word_1_358' title='bbox 2082 3734 2150 3787; x_wconf 81' lang='grc' dir='ltr'>οὐ</span> <span class='ocrx_word' id='word_1_359' title='bbox 2185 3738 2434 3802; x_wconf 84' lang='grc' dir='ltr'>προςῆκε</span> <span class='ocrx_word' id='word_1_360' title='bbox 2470 3734 2685 3800; x_wconf 88' lang='grc' dir='ltr'>ςτίχους</span> 
     </span>
     <span class='ocr_line' id='line_1_38' title="bbox 400 3802 2683 3873; baseline -0.001 -15"><span class='ocrx_word' id='word_1_361' title='bbox 400 3807 459 3873; x_wconf 69' lang='grc' dir='ltr'>(δ</span> <span class='ocrx_word' id='word_1_362' title='bbox 499 3807 720 3871; x_wconf 88' lang='grc'><strong>15-19)</strong></span> <span class='ocrx_word' id='word_1_363' title='bbox 764 3806 857 3858; x_wconf 84' lang='grc' dir='ltr'>καὶ</span> <span class='ocrx_word' id='word_1_364' title='bbox 900 3808 1003 3871; x_wconf 79' lang='grc' dir='ltr'>τῆς</span> <span class='ocrx_word' id='word_1_365' title='bbox 1050 3804 1344 3859; x_wconf 86' lang='grc' dir='ltr'>Λακώνων</span> <span class='ocrx_word' id='word_1_366' title='bbox 1390 3804 1641 3860; x_wconf 88' lang='grc' dir='ltr'>παιδείας</span> <span class='ocrx_word' id='word_1_367' title='bbox 1684 3803 1985 3871; x_wconf 86' lang='grc' dir='ltr'>ἀλλότριον</span> <span class='ocrx_word' id='word_1_368' title='bbox 2032 3802 2260 3870; x_wconf 86' lang='grc' dir='ltr'>ἐποίηςε</span> <span class='ocrx_word' id='word_1_369' title='bbox 2306 3803 2396 3855; x_wconf 83' lang='grc' dir='ltr'>καὶ</span> <span class='ocrx_word' id='word_1_370' title='bbox 2438 3808 2544 3868; x_wconf 83' lang='grc' dir='ltr'>τῆς</span> <span class='ocrx_word' id='word_1_371' title='bbox 2579 3807 2683 3855; x_wconf 81' lang='grc' dir='ltr'>τοῦ</span> 
     </span>
     <span class='ocr_line' id='line_1_39' title="bbox 402 3871 2686 3959; baseline -0.001 -34"><span class='ocrx_word' id='word_1_372' title='bbox 402 3874 670 3938; x_wconf 86' lang='grc' dir='ltr'>βαςιλέως</span> <span class='ocrx_word' id='word_1_373' title='bbox 716 3875 1108 3940; x_wconf 87' lang='grc' dir='ltr'>ςωφροςύνης,</span> <span class='ocrx_word' id='word_1_374' title='bbox 1155 3873 1327 3926; x_wconf 81' lang='grc' dir='ltr'>ἀλλὰ</span> <span class='ocrx_word' id='word_1_375' title='bbox 1371 3874 1477 3926; x_wconf 84' lang='grc' dir='ltr'>καὶ</span> <span class='ocrx_word' id='word_1_376' title='bbox 1523 3878 1648 3927; x_wconf 86' lang='grc' dir='ltr'>τοο</span> <span class='ocrx_word' id='word_1_377' title='bbox 1701 3875 2031 3940; x_wconf 83' lang='grc' dir='ltr'>κρητικοῦ</span> <span class='ocrx_word' id='word_1_378' title='bbox 2077 3875 2284 3937; x_wconf 82' lang='grc' dir='ltr'>χοροῦ</span> <span class='ocrx_word' id='word_1_379' title='bbox 2329 3873 2453 3925; x_wconf 86' lang='grc' dir='ltr'>τὸν</span> <span class='ocrx_word' id='word_1_380' title='bbox 2500 3871 2686 3959; x_wconf 61' lang='grc' dir='ltr'>ψδὸν</span> 
     </span>
     <span class='ocr_line' id='line_1_40' title="bbox 400 3938 2683 4008; baseline -0.001 -13"><span class='ocrx_word' id='word_1_381' title='bbox 400 3941 697 4008; x_wconf 75' lang='grc' dir='ltr'>ἐξεῖλεν,</span> <span class='ocrx_word' id='word_1_382' title='bbox 743 3941 1055 4007; x_wconf 87' lang='grc' dir='ltr'>ἐπιτεμὼν·</span> <span class='ocrx_word' id='word_1_383' title='bbox 1076 3942 1149 3994; x_wconf 86' lang='grc' dir='ltr'>τὰ</span> <span class='ocrx_word' id='word_1_384' title='bbox 1194 3941 1480 4007; x_wconf 83' lang='grc' dir='ltr'>ποιήματα</span> <span class='ocrx_word' id='word_1_385' title='bbox 1524 3940 1631 3993; x_wconf 86' lang='grc' dir='ltr'>τὸν</span> <span class='ocrx_word' id='word_1_386' title='bbox 1674 3941 1893 4008; x_wconf 86' lang='grc' dir='ltr'>τρόπον</span> <span class='ocrx_word' id='word_1_387' title='bbox 1925 3942 2135 3993; x_wconf 80' lang='grc' dir='ltr'>τοῦτον</span> <span class='ocrx_word' id='word_1_388' title='bbox 2181 3938 2442 4005; x_wconf 85' lang='grc' dir='ltr'>,,πολλὸς</span> <span class='ocrx_word' id='word_1_389' title='bbox 2484 3940 2516 3992; x_wconf 95' lang='grc' dir='ltr'>δ</span> <span class='ocrx_word' id='word_1_390' title='bbox 2570 3938 2683 4003; x_wconf 84' lang='grc' dir='ltr'>ίμε-</span> 
     </span>
     <span class='ocr_line' id='line_1_41' title="bbox 400 4007 2688 4076; baseline -0.001 -14"><span class='ocrx_word' id='word_1_391' title='bbox 400 4009 611 4075; x_wconf 91' lang='grc' dir='ltr'>ρόεντα</span> <span class='ocrx_word' id='word_1_392' title='bbox 635 4011 806 4075; x_wconf 86' lang='grc' dir='ltr'>χορὸν</span> <span class='ocrx_word' id='word_1_393' title='bbox 830 4010 1134 4076; x_wconf 73' lang='grc' dir='ltr'>περιίσταθ’</span> <span class='ocrx_word' id='word_1_394' title='bbox 1167 4009 1362 4074; x_wconf 84' lang='grc' dir='ltr'>ὅμιλος</span> <span class='ocrx_word' id='word_1_395' title='bbox 1396 4023 1470 4062; x_wconf 91' lang='grc' dir='ltr'>τε</span> <span class='ocrx_word' id='word_1_396' title='bbox 1489 4007 2036 4075; x_wconf 87' lang='grc' dir='ltr'>ρπόμενος··δοιὼ</span> <span class='ocrx_word' id='word_1_397' title='bbox 2073 4008 2135 4061; x_wconf 80' lang='grc' dir='ltr'>δὲ</span> <span class='ocrx_word' id='word_1_398' title='bbox 2170 4009 2534 4074; x_wconf 83' lang='grc' dir='ltr'>κυβιςτητῆρε</span> <span class='ocrx_word' id='word_1_399' title='bbox 2560 4007 2688 4060; x_wconf 79' lang='grc' dir='ltr'>κατ’</span> 
     </span>
     <span class='ocr_line' id='line_1_42' title="bbox 402 4073 2686 4144; baseline -0.002 -13"><span class='ocrx_word' id='word_1_400' title='bbox 402 4077 612 4132; x_wconf 82' lang='grc' dir='ltr'>αὐτοὺς</span> <span class='ocrx_word' id='word_1_401' title='bbox 668 4079 888 4144; x_wconf 83' lang='grc' dir='ltr'>μολπῆς</span> <span class='ocrx_word' id='word_1_402' title='bbox 943 4076 1352 4144; x_wconf 75' lang='grc' dir='ltr'>ἐξάρχοντες</span> <span class='ocrx_word' id='word_1_403' title='bbox 1405 4076 1660 4131; x_wconf 80' lang='grc' dir='ltr'>ἐδίνευον</span> <span class='ocrx_word' id='word_1_404' title='bbox 1713 4077 1857 4129; x_wconf 84' lang='grc' dir='ltr'>κατὰ</span> <span class='ocrx_word' id='word_1_405' title='bbox 1911 4077 2196 4140; x_wconf 83' lang='grc' dir='ltr'>μέςςους.“</span> <span class='ocrx_word' id='word_1_406' title='bbox 2266 4077 2400 4129; x_wconf 80' lang='grc' dir='ltr'>ὥςτ·</span> <span class='ocrx_word' id='word_1_407' title='bbox 2449 4073 2686 4129; x_wconf 79' lang='grc' dir='ltr'>ἀνίατον</span> 
     </span>
     <span class='ocr_line' id='line_1_43' title="bbox 399 4142 2687 4212; baseline -0.002 -12"><span class='ocrx_word' id='word_1_408' title='bbox 399 4145 653 4209; x_wconf 84' lang='grc' dir='ltr'>γενέςθαι</span> <span class='ocrx_word' id='word_1_409' title='bbox 691 4145 1013 4200; x_wconf 82' lang='grc' dir='ltr'>παντάπαςι</span> <span class='ocrx_word' id='word_1_410' title='bbox 1047 4148 1117 4200; x_wconf 86' lang='grc' dir='ltr'>τὸ</span> <span class='ocrx_word' id='word_1_411' title='bbox 1153 4145 1508 4212; x_wconf 80' lang='grc' dir='ltr'>ἐξάρχοντες,</span> <span class='ocrx_word' id='word_1_412' title='bbox 1545 4145 1744 4211; x_wconf 85' lang='grc' dir='ltr'>μηκέτι</span> <span class='ocrx_word' id='word_1_413' title='bbox 1779 4143 1988 4208; x_wconf 85' lang='grc' dir='ltr'>δυναμέ</span> <span class='ocrx_word' id='word_1_414' title='bbox 2066 4159 2094 4197; x_wconf 94' lang='grc' dir='ltr'>ς</span> <span class='ocrx_word' id='word_1_415' title='bbox 2128 4148 2234 4209; x_wconf 83' lang='grc' dir='ltr'>τῆς</span> <span class='ocrx_word' id='word_1_416' title='bbox 2269 4143 2363 4197; x_wconf 81' lang='grc' dir='ltr'>ἐπὶ</span> <span class='ocrx_word' id='word_1_417' title='bbox 2399 4142 2505 4195; x_wconf 86' lang='grc' dir='ltr'>τὸν</span> <span class='ocrx_word' id='word_1_418' title='bbox 2529 4144 2687 4212; x_wconf 82' lang='grc' dir='ltr'>ᾠδὸν</span> 
     </span>
     <span class='ocr_line' id='line_1_44' title="bbox 401 4160 2684 4280; baseline 0 -16"><span class='ocrx_word' id='word_1_419' title='bbox 401 4216 692 4280; x_wconf 80' lang='grc' dir='ltr'>ἀναφορᾶς</span> <span class='ocrx_word' id='word_1_420' title='bbox 740 4214 1003 4268; x_wconf 85' lang='grc' dir='ltr'>ςώζεςθαι</span> <span class='ocrx_word' id='word_1_421' title='bbox 1049 4212 1445 4267; x_wconf 73' lang='lat' dir='ltr'><strong>Athenaeus</strong></span> <span class='ocrx_word' id='word_1_422' title='bbox 1479 4211 1550 4276; x_wconf 86' lang='lat' dir='ltr'>V,</span> <span class='ocrx_word' id='word_1_423' title='bbox 1601 4218 1695 4267; x_wconf 88' lang='grc'>181</span> <span class='ocrx_word' id='word_1_424' title='bbox 1745 4228 1792 4270; x_wconf 81' lang='grc' dir='ltr'>ο.</span> <span class='ocrx_word' id='word_1_425' title='bbox 1837 4160 2094 4275; x_wconf 45' lang='grc' dir='ltr'>σπίζνῧ,</span> <span class='ocrx_word' id='word_1_426' title='bbox 2135 4216 2233 4267; x_wconf 91' lang='grc'><strong>180</strong></span> <span class='ocrx_word' id='word_1_427' title='bbox 2278 4209 2331 4267; x_wconf 83' lang='lat' dir='ltr'>d.</span> <span class='ocrx_word' id='word_1_428' title='bbox 2378 4209 2504 4264; x_wconf 82' lang='lat' dir='ltr'><strong>adn.</strong></span> <span class='ocrx_word' id='word_1_429' title='bbox 2544 4209 2616 4264; x_wconf 73' lang='lat' dir='ltr'>ad</span> <span class='ocrx_word' id='word_1_430' title='bbox 2652 4212 2684 4264; x_wconf 94' lang='grc' dir='ltr'>δ</span> 
     </span>
     <span class='ocr_line' id='line_1_45' title="bbox 405 4276 2683 4345; baseline 0 -12"><span class='ocrx_word' id='word_1_431' title='bbox 405 4287 620 4335; x_wconf 88' lang='grc'><strong>15-19.</strong></span> <span class='ocrx_word' id='word_1_432' title='bbox 673 4310 739 4319; x_wconf 86' lang='grc'>--</span> <span class='ocrx_word' id='word_1_433' title='bbox 794 4286 896 4335; x_wconf 90' lang='grc'>605</span> <span class='ocrx_word' id='word_1_434' title='bbox 931 4282 1057 4335; x_wconf 79' lang='grc' dir='ltr'>καθ’</span> <span class='ocrx_word' id='word_1_435' title='bbox 1101 4282 1305 4336; x_wconf 83' lang='grc' dir='ltr'>αὑτοὺς</span> <span class='ocrx_word' id='word_1_436' title='bbox 1353 4278 1634 4334; x_wconf 79' lang='lat' dir='ltr'><strong>Diodorus</strong></span> <span class='ocrx_word' id='word_1_437' title='bbox 1680 4279 1866 4334; x_wconf 75' lang='lat' dir='ltr'><strong>Aristo</strong></span> <span class='ocrx_word' id='word_1_438' title='bbox 1909 4279 2123 4333; x_wconf 72' lang='lat' dir='ltr'><strong>hanon·</strong></span> <span class='ocrx_word' id='word_1_439' title='bbox 2167 4295 2201 4332; x_wconf 80' lang='lat' dir='ltr'><strong>a</strong></span> <span class='ocrx_word' id='word_1_440' title='bbox 2243 4276 2319 4331; x_wconf 84' lang='lat' dir='ltr'>ud</span> <span class='ocrx_word' id='word_1_441' title='bbox 2363 4277 2565 4333; x_wconf 78' lang='lat' dir='ltr'><strong>Athen.</strong></span> <span class='ocrx_word' id='word_1_442' title='bbox 2613 4276 2683 4345; x_wconf 87' lang='lat' dir='ltr'>V,</span> 
     </span>
    </p>
   </div>
   <div class='ocr_carea' id='block_1_7' title="bbox 404 4345 2493 4417">
    <p class='ocr_par' dir='ltr' id='par_1_12' title="bbox 404 4345 2493 4417">
     <span class='ocr_line' id='line_1_46' title="bbox 404 4345 2493 4417; baseline 0 -16"><span class='ocrx_word' id='word_1_443' title='bbox 404 4352 501 4402; x_wconf 85' lang='grc'><strong>180</strong></span> <span class='ocrx_word' id='word_1_444' title='bbox 537 4362 584 4406; x_wconf 79' lang='lat' dir='ltr'>e.</span> <span class='ocrx_word' id='word_1_445' title='bbox 620 4376 685 4387; x_wconf 94' lang='lat'>—</span> <span class='ocrx_word' id='word_1_446' title='bbox 722 4353 821 4403; x_wconf 84' lang='lat'>606</span> <span class='ocrx_word' id='word_1_447' title='bbox 857 4350 1217 4417; x_wconf 74' lang='grc' dir='ltr'>ἐξάρχοντοςε</span> <span class='ocrx_word' id='word_1_448' title='bbox 1255 4349 1586 4417; x_wconf 82' lang='grc' dir='ltr'>ἐξάρχοντες</span> <span class='ocrx_word' id='word_1_449' title='bbox 1621 4347 1872 4403; x_wconf 76' lang='lat' dir='ltr'><strong>Aristarc-</strong></span> <span class='ocrx_word' id='word_1_450' title='bbox 1913 4364 1995 4416; x_wconf 77' lang='lat' dir='ltr'>us,</span> <span class='ocrx_word' id='word_1_451' title='bbox 2032 4345 2103 4400; x_wconf 83' lang='lat' dir='ltr'>of.</span> <span class='ocrx_word' id='word_1_452' title='bbox 2138 4346 2188 4402; x_wconf 88' lang='lat' dir='ltr'><strong>A</strong></span> <span class='ocrx_word' id='word_1_453' title='bbox 2253 4361 2343 4402; x_wconf 78' lang='lat' dir='ltr'>en.</span> <span class='ocrx_word' id='word_1_454' title='bbox 2381 4346 2420 4404; x_wconf 90' lang='lat' dir='ltr'>l.</span> <span class='ocrx_word' id='word_1_455' title='bbox 2456 4348 2493 4401; x_wconf 87' lang='lat'>1.</span> 
     </span>
    </p>
   </div>
  </div>
 </body>
</html>
