3144 5006
496 416 617 483 130
1393 419 1730 476 ΙΛΙΑΔΟΕ
1789 419 1861 473 Π.

659 575 901 651 χαλκοῦ
945 590 1014 638 τε
1060 571 1245 650 ῥινοῦ
1291 592 1360 638 τε
1406 577 1583 654 βοῶν
1626 573 1681 638 τ’
1723 572 2129 654 ἐυποιητάων
2148 622 2166 656 ,

659 675 1066 754 νυςςομένων
1110 675 1351 756 ξίφεςίν
1395 696 1463 740 τε
1509 675 1610 740 καὶ
1652 675 1900 754 ἔγχεςιν
1944 676 2372 757 ἀμφιγύοιςιν.

658 776 800 842 οὐδ’
842 777 923 844 ἂν
968 777 1060 843 ἔτι
1106 777 1422 858 φράδμων
1466 797 1592 856 περ
1635 777 1800 858 ἀνὴρ
1847 777 2229 858 (αρπηδόνα
2270 781 2415 845 δῖον

656 878 865 963 ἔγνω,
911 879 1051 945 ἐπεὶ
1096 878 1367 960 βελέεςςι
1410 880 1513 944 καὶ
1555 878 1770 958 αἵματι
1813 881 1915 946 καὶ
1959 880 2240 965 κονίῃςιν

490 983 616 1043 640
659 980 729 1046 ἐκ
772 985 1057 1063 κεφαλῆς
1101 979 1318 1046 εἴλυτο
1365 982 1706 1062 διαμπερὲς
1753 982 1819 1047 ἐς
1861 982 2069 1048 πόδας
2113 982 2369 1062 ἄκρους.

657 1083 723 1147 οἳ
773 1083 832 1148 δ’
877 1083 999 1148 αἰεὶ
1041 1084 1187 1162 περὶ
1231 1084 1464 1162 νεκρὸν
1511 1083 1802 1162 ὁμίλεον,
1851 1083 1942 1150 ὡς
1986 1084 2095 1151 ὅτε
2140 1088 2314 1165 μυῖαι

658 1190 908 1268 ςταθμῷ
953 1185 1051 1252 ἔνι
1096 1186 1407 1266 βρομέωςι
1451 1186 1879 1264 περιγλαγέας
1924 1186 2085 1252 κατὰ
2126 1186 2368 1253 πέλλας

657 1285 794 1371 ὥρῃ
840 1287 910 1353 ἐν
957 1286 1234 1370 εἰαρινῇ,
1283 1287 1391 1352 ὅτε
1436 1307 1506 1352 τε
1549 1288 1793 1363 γλάγος
1838 1286 2041 1365 ἄγγεα
2086 1290 2284 1354 δεύει·

653 1388 743 1466 ᾣς
786 1388 913 1467 ἄρα
955 1389 1057 1454 τοὶ
1101 1389 1246 1469 περὶ
1288 1389 1522 1468 νεκρὸν
1568 1388 1867 1473 ὁμίλεον,
1914 1389 2069 1455 οὐδέ
2113 1411 2273 1464 ποτε
2317 1390 2482 1456 Ζεὺς

485 1493 606 1552 645
654 1490 895 1570 τρέψεν
940 1489 1070 1555 ἀπὸ
1115 1493 1423 1571 κρατερῆς
1469 1491 1726 1570 ὑςμίνης
1771 1490 1915 1557 ὄςςε
1958 1494 2235 1574 φαεινώ,

653 1591 821 1658 ἀλλὰ
865 1593 1001 1658 κατ’
1044 1591 1281 1660 αὐτοὺς
1326 1592 1463 1658 αἰὲν
1508 1592 1664 1676 ὅρα,
1709 1594 1810 1657 καὶ
1854 1593 2135 1674 φράζετο
2181 1598 2390 1678 θυμῷ,

649 1694 864 1759 πολλὰ
907 1694 1065 1774 μάλ’θ
1093 1695 1256 1777 ἀμφὶ
1299 1693 1494 1777 φόνῳ
1538 1696 1924 1774 Πατρόκλου
1967 1696 2400 1779 μερμηρίζων,

649 1796 689 1875 ἢ
734 1795 856 1876 ἤδη
902 1797 1002 1862 καὶ
1044 1801 1263 1864 κεῖνον
1309 1797 1405 1861 ἐνὶ
1449 1803 1724 1881 κρατερῇ
1771 1796 1992 1881 ύςμίνῃ

651 1897 853 1963 αὐτοῦ
897 1899 1002 1964 ἐπ’
1044 1898 1319 1983 ἀντιθέῳ
1366 1897 1731 1978 Εαρπηδόνι
1773 1898 2077 1979 φαίδιμος
2120 1900 2362 1980 Ἕκτωρ

482 2002 607 2062 650
649 2004 868 2083 χαλκῷ
915 2002 1157 2086 δῃώςῃ,
1205 2000 1337 2065 ἀπό
1380 2000 1435 2065 τ’
1480 2000 1680 2080 ὤμων
1706 2001 1933 2079 ,τεύχε’
1978 2001 2224 2085 ἕληται,

647 2100 686 2180 ἦ
734 2100 827 2167 ἔτι
871 2104 972 2168 καὶ
1015 2102 1387 2169 πλεόνεςςιν
1433 2102 1775 2183 ὀφέλλειεν
1820 2102 2032 2168 πόνον
2077 2101 2290 2169 αἰπύν.

647 2202 776 2268 ὧδε
819 2203 891 2269 δέ
936 2204 999 2268 οἱ
1044 2205 1398 2285 φρονέοντι
1443 2205 1758 2271 δοάςςατο
1804 2205 2057 2285 κέρδιον
2102 2203 2296 2282 εἶναι,

648 2305 803 2385 ὄφρ’
836 2305 963 2383 ,ἠὺς
1007 2307 1312 2386 θεράπων
1354 2305 1742 2386 Πηληιάδεω
1789 2306 2080 2386 Ἀχιλῆος

652 2407 895 2474 ἐξαῦτις
938 2407 1168 2487 Τρῶάς
1209 2427 1281 2472 τε
1325 2409 1430 2472 καὶ
1472 2408 1745 2487 Ἕκτορα
1789 2409 2305 2489 χαλκοκορυςτὴν

480 2514 601 2573 655
649 2508 885 2576 ὤςαιτο
930 2511 1123 2591 προτὶ
1165 2510 1349 2592 ἄςτυ,
1397 2511 1663 2577 πολέων
1707 2512 1763 2575 δ’
1808 2509 1939 2577 ἀπὸ
1983 2512 2185 2590 θυμὸν
2232 2512 2464 2578 ἕλοιτο.

651 2613 901 2692 Ἕκτορι
947 2614 1020 2679 δὲ
1062 2611 1397 2696 πρωτίςτῳ
1441 2611 1754 2679 ἀνάλκιδα
1796 2614 1999 2693 θυμὸν
2044 2613 2298 2692 ἐνῆκεν·

609 2814 676 2870 V.
713 2835 760 2872 1..
829 2821 930 2871 636
975 2819 1127 2881 βοῶν
1169 2815 1246 2869 ¹r’:
1303 2818 1457 2881 βοῶν
1500 2812 1547 2867 Ε
1602 2821 1750 2882 1079,
1802 2821 1882 2870 14.
1935 2820 2051 2881 679,
2099 2820 2181 2874 21.
2233 2816 2599 2884 εὐποιητάων
2647 2816 2761 2872 ΑΟ.

473 2919 537 3040 εἷ’
567 2915 1073 3054 smzzss‘zrmffiffk·
1092 2915 1361 3053 ‹3oe33
1399 2915 1563 3053 ἐπε
1600 2917 1904 3039 {wa
2014 2882 2656 3054 ..⁶⁸²2ss
2674 2926 2762 3041 3¹5

471 3061 591 3122 679,
631 3061 715 3110 21.
753 3085 819 3096 —
856 3059 956 3108 639
1002 3054 1276 3119 βελέεςςῖν
1319 3050 1389 3106 Η.
1434 3053 1667 3121 κονίηιςι
1712 3052 1781 3106 D.
1831 3083 1894 3091 —
1939 3059 2041 3107 640
2084 3027 2300 3109 εἴλυτοι
2349 3055 2540 3122 εἴρυτο
2577 3053 2644 3107 D.
2692 3056 2759 3095 —'-

471 3129 566 3179 641
609 3122 663 3177 οἳ
697 3124 748 3177 δ’
781 3121 849 3175 Ι).
898 3122 1006 3176 οἵδ’
1051 3119 1262 3176 CGHL.
1312 3135 1383 3175 πε
1423 3136 1439 3173 ι
1475 3121 1544 3174 A.
1591 3155 1656 3165 -
1711 3126 1809 3174 642
1856 3122 2218 3188 ενιβρομέωςι
2263 3120 2509 3175 ACDHL
2555 3122 2758 3182 Athen.

471 3191 564 3251 XI.
601 3196 719 3247 496.
755 3191 837 3245 ἑνι
874 3189 1110 3257 ρεμέωςι
1146 3187 1330 3243 Cram.
1414 3205 1471 3257 p.
1510 3195 1593 3253 50,
1636 3194 1712 3242 17.
1748 3189 1832 3242 ἐνὶ
1869 3191 2140 3256 βρομέωςι
2165 3189 2227 3244 Ε.
2265 3190 2357 3244 ἐπὶ
2393 3194 2493 3257 βρο
2536 3190 2665 3245 έωςι
2690 3190 2757 3244 G.

472 3260 761 3326 βρομέουςι
852 3257 950 3310 arl.
989 3256 1139 3327 Lips.
1177 3256 1332 3309 Vrat.
1370 3256 1440 3312 A.
1479 3259 1607 3324 περὶ
1643 3257 1884 3322 γλαγέας
1919 3255 2029 3314 CH.
2077 3258 2382 3323 ἑϋγλαγέας
2419 3259 2497 3311 At
2539 3274 2625 3311 en.
2663 3258 2755 3319 XI,

468 3334 585 3381 495.
632 3326 1061 3391 πολυγλαγγέας
1105 3323 1292 3394 Apoll.
1331 3321 1499 3393 Soph.
1538 3330 1620 3389 55,
1664 3330 1707 3378 1.
1756 3341 1899 3379 κατα
1944 3323 2146 3378 ΑΟΒΗ
2210 3356 2274 3365 -
2318 3331 2426 3403 643.
2454 3325 2757 3394 ἑνειαρίνηι

471 3395 537 3450 Ι).
576 3424 642 3433 -
677 3398 777 3447 644
813 3395 890 3447 ὡς
926 3393 993 3445 A.
1041 3421 1106 3431 —
1155 3397 1255 3447 646
1292 3392 1568 3459 ἐφράζετο
1606 3392 1660 3445 S.
1710 3422 1771 3431 —
1816 3399 1913 3449 647
1960 3409 2075 3447 πατ
2113 3396 2318 3461 οκλῆος
2366 3391 2512 3463 Ιιιρε.
2562 3410 2755 3462 μερμε-

470 3464 642 3531 ρίζων
688 3459 735 3514 G
781 3459 928 3514 Flor.
981 3489 1049 3500 —
1101 3465 1200 3513 648
1247 3462 1339 3514 καὶ
1385 3465 1576 3515 κεῖνον
1618 3459 1813 3515 ACEH
1857 3460 2003 3530 Lips.
2102 3462 2207 3515 rat.
2254 3461 2310 3515 d.
2362 3463 2429 3515 A.
2481 3460 2651 3516 Mose.
2702 3469 2754 3519 2.

468 3534 731 3586 κακεῖνον
766 3527 885 3582 DG.
925 3529 1190 3582 κάκεῖνον
1225 3526 1325 3581 LS.
1370 3529 1459 3582 ,ἑνι
1495 3527 1616 3586 AD.
1667 3558 1729 3568 —
1776 3534 1875 3583 649
1911 3530 2246 3584 ἐπαντιθὲωι
2282 3530 2350 3587 A.
2395 3558 2463 3568 —-
2506 3534 2607 3585 650
2642 3532 2755 3598 δηϊ-

470 3601 588 3668 ώςῃ
626 3595 693 3652 G.
742 3598 917 3664 δηίώς
1004 3594 1062 3650 L.
1110 3597 1333 3663 δηιώςει
1379 3595 1420 3650 C
1466 3597 1565 3661 (an
1611 3598 1832 3666 δῃώςει’
1868 3599 1926 3650 et
1968 3598 2242 3667 ἕλοιτοῖ).
2291 3628 2348 3637 -
2399 3602 2495 3651 651
2534 3600 2569 3662 ἢ
2605 3596 2754 3651 libri.

468 3669 731 3734 ὀφέλειεν
764 3614 1106 3732 Lipanvrat.
1141 3666 1204 3718 A.
1241 3664 1400 3719 Rom.
1438 3664 1670 3730 ὀφέλλει
1706 3667 1774 3732 δὴ
1813 3666 1995 3720 πόνον
2033 3663 2082 3719 G
2119 3664 2262 3720 Flor.
2296 3695 2364 3704 —
2398 3670 2498 3719 654
2534 3665 2755 3721 ἐξαθθῖς

471 3735 528 3790 G.
567 3739 756 3803 τρῷας
794 3732 852 3786 1..
905 3762 974 3772 —
1024 3738 1126 3786 655
1163 3734 1467 3800 προτιάςτυ
1502 3731 1569 3786 D.
1625 3733 1739 3800 πρὸ
1785 3735 1840 3786 τί
1878 3732 1935 3786 C.
1989 3735 2174 3802 πρωτί
2211 3732 2275 3788 G.
2323 3762 2384 3772 -—
2440 3738 2539 3788 656
2574 3735 2754 3798 θυμὸν

470 3806 674 3870 ἐνῆκεν
710 3799 1009 3856 ACDGHL
1044 3799 1198 3854 Harl.
1237 3799 1392 3855 Vrat.
1441 3799 1494 3852 b.
1540 3799 1711 3853 Mose.
1749 3806 1798 3854 2.
1843 3798 1990 3857 Flor.
2035 3803 2217 3867 θυμὸν
2260 3802 2504 3869 ἑνῶρςεν
2538 3801 2752 3855 Townl.

469 3871 617 3941 Lips.
671 3884 944 3940 suprascr.
990 3868 1151 3922 Rom.
1207 3869 1394 3935 φύζαν
1439 3868 1643 3935 ἐνῆκεν
1686 3867 1834 3936 Lips.
1881 3868 2039 3923 Vrat.
2085 3869 2140 3927 b.
2193 3870 2376 3936 φύζαν
2422 3870 2670 3937 ἐνῶρςεν
2716 3868 2753 3922 S

469 3939 629 3995 Cant.
665 3937 805 3996 Mor.
843 3936 1071 3992 Bar000.
1110 3935 1267 3992 Vrat.
1296 3937 1363 4001 A.
1400 3937 1589 4002 φύζαν
1622 3937 1825 4004 ἐνῆκεν
1859 3938 1895 4003 ἢ
1933 3938 2077 3991 κατά
2110 3954 2266 3992 τινας
2292 3939 2474 4003 θυμὸν
2507 3939 2753 4005 ἑνῶρςεν

466 4008 622 4064 Eust.

603 4178 670 4231 A.
710 4194 759 4231 c.
827 4179 927 4229 636
979 4175 1210 4242 ἄμεινον
1262 4176 1381 4241 εἶχε
1435 4177 1608 4243 φηςίν
1662 4176 1693 4230 ό
1744 4173 2071 4243 ἀρίςταρχος
2126 4176 2175 4230 εἰ
2228 4177 2544 4245 ἐγέγραπτο
2597 4178 2749 4242 βοῶν

469 4245 831 4313 εὐποιητάων
866 4244 974 4299 ἔξω
1011 4249 1115 4297 τοῦ
1154 4248 1224 4298 ῖε·
1263 4243 1561 4310 ςυνδέςμου
1599 4242 1953 4310 Didymus.
1990 4273 2054 4283 —-
2091 4248 2190 4298 638
2229 4244 2567 4312 (αρπηδόνα
2602 4246 2748 4300 δῖονε

469 4314 797 4432 ἀρίςτοῧιχος
851 4313 995 4365 κατὰ
1046 4313 1278 4379 δοτικὴν
1331 4311 1638 4397 ςαρπηδόνι
1690 4310 1793 4379 δίῳ
1857 4309 2205 4379 Didymus.
2259 4342 2325 4351 -
2387 4317 2487 4366 640
2540 4312 2747 4379 εἴλυτο,

472 4380 617 4435 conf.
702 4380 805 4433 .Τ.
842 4384 959 4432 240.
984 4408 1047 4416 -
1072 4383 1173 4433 648
1208 4379 1272 4432 ἑκ
1309 4381 1561 4447 πληρους
1600 4381 1690 4433 καὶ
1715 4384 1907 4433 κεῖνον
1941 4380 1999 4434 αἱ
2036 4380 2368 4449 ἀριςτάρχου
2404 4379 2745 4448 Didymus.
