3144 5006
1319 356 1657 411 ΙΛΙΑΔΟΟ
1704 355 1825 409 XII.
2595 352 2721 416 359

437 519 562 574 425
609 491 831 594 δῄουν·
857 510 1157 588 ἀλλήλων
1204 509 1367 590 ἀμφὶ
1411 510 1691 588 ςτήθεςςι
1736 510 1946 590 βοείας

607 612 870 677 ἀςπίδας
915 610 1264 677 εὐκύκλους
1308 611 1555 690 λαιςήιά
1597 629 1667 676 τε
1710 609 2081 689 πτερόεντα.
2195 668 2211 685 ,

607 714 841 779 πολλοὶ
884 713 942 778 δ’
986 712 1340 778 οὐτάζοντο
1385 713 1542 777 κατὰ
1586 711 1751 791 χρόα
1793 712 1970 791 νηλέι
2014 715 2253 795 χαλκῷ,

607 817 766 896 ἠμὲν
810 814 978 898 ὅτεῳ
1022 815 1392 894 ςτρεφθέντι
1436 814 1805 893 μετάφρενα
1847 813 2203 891 γυμνωθείη

611 916 1056 997 μαρναμένων,
1100 917 1337 980 πολλοὶ
1381 917 1454 980 δὲ
1497 915 1835 994 διαμπερὲς
1881 912 2146 979 ἀςπίδος
2189 913 2400 992 αὐτῆς.

443 1023 569 1082 430
611 1018 821 1101 πάντῃ
867 1018 945 1097 δὴ
989 1018 1225 1096 πύργοι
1269 1018 1374 1081 καὶ
1415 1016 1709 1081 ἐπάλξιες
1751 1014 1965 1092 αἵματι
2007 1020 2249 1095 φωτῶν

610 1117 907 1199 ἐρράδατ’
950 1117 1413 1200 ἀμφοτέρωθεν
1457 1117 1591 1183 ἀπὸ
1635 1116 1882 1195 Τρώων
1927 1116 2030 1180 καὶ
2072 1115 2363 1194 Ἀχαιῶν.

613 1218 755 1284 ἀλλ’
798 1219 938 1284 οὐδ’
981 1219 1068 1283 ὧς
1114 1219 1430 1284 ἐδύναντο
1474 1217 1694 1299 φόβον
1737 1219 1993 1294 ποιῆςαι
2038 1218 2333 1299 Ἀχαιῶν,

613 1320 754 1386 ἀλλ’
798 1319 954 1400 ἔχον
1003 1319 1092 1386 ὥς
1135 1341 1204 1385 τε
1248 1321 1531 1385 τάλαντα
1572 1321 1737 1398 γυνὴ
1783 1322 2072 1398 χερνῆτις
2115 1316 2376 1401 ἀληθής,

581 1422 654 1501 ’ἦ
697 1441 767 1486 τε
813 1422 1085 1500 ςταθμόν
1129 1422 1365 1501 ἔχουςα
1409 1423 1510 1486 καὶ
1555 1420 1758 1499 εἴριον
1803 1420 2001 1500 ἀμφὶς
2045 1419 2297 1484 ἀνέλκει

433 1528 569 1588 ,435
615 1522 909 1607 ἰςάζους’,
949 1523 1061 1588 ἵνα
1104 1525 1314 1588 παιςὶν
1359 1521 1572 1587 ἀεικέα
1615 1522 1837 1601 μιςθόν
1882 1520 2137 1600 ἄρηται·

617 1625 706 1688 ὣς
749 1626 862 1702 μὲν
905 1629 1038 1690 τῶν
1081 1625 1189 1688 ἐπὶ
1231 1623 1334 1688 ἶςα
1378 1624 1543 1704 μάχη
1589 1624 1817 1689 τέτατο
1861 1622 2181 1701 πτόλεμός
2226 1644 2316 1701 τε,

615 1725 763 1812 πρίν
805 1726 865 1801 γ’
909 1725 1018 1792 ὅτε
1061 1726 1141 1805 δὴ
1184 1725 1349 1790 Ζεὺς
1392 1729 1585 1791 κῦδος
1630 1713 1987 1803 ὑπέρτερον
2030 1724 2280 1802 Ἕκτορι
2326 1726 2491 1787 δῶκε

611 1827 960 1909 Πριαμίδῃ,
1004 1827 1078 1893 ὃς
1121 1831 1379 1905 πρῶτος
1421 1827 1689 1904 ἐςήλατο
1733 1827 1946 1904 τεῖχος
1992 1826 2280 1904 Ἀχαιῶν.

614 1928 802 2006 ἤυςεν
848 1930 921 1993 δὲ
964 1927 1338 2007 διαπρύςιον
1383 1929 1654 2006 Τρώεςςι
1699 1927 2031 2004 γεγωνώς·

446 2034 572 2092 440
784 2028 1040 2106 ὄρνυςθ’
1080 2028 1432 2107 ἱππόδαμοι
1478 2029 1724 2112 Τρῶες,
1771 2028 2079 2108 ῥήγνυςθέ
2124 2028 2197 2092 δέ
2241 2030 2450 2105 τεῖχος

617 2129 918 2206 Ἀργείων
964 2132 1067 2196 καὶ
1109 2132 1326 2209 νηυςὶν
1370 2131 1571 2196 ἐνίετε
1616 2131 1949 2195 θεςπιδαὲς
1994 2132 2138 2207 πῦρ.

787 2232 874 2295 ὣς
918 2227 1070 2312 ‹peu-³
1114 2233 1514 2314 ἐποτρύνων,
1561 2232 1629 2297 οἳ
1672 2231 1729 2295 δ’
1773 2231 1955 2296 οὔαςι
1998 2228 2235 2294 πάντες
2279 2229 2544 2312 ἄκουον,

615 2331 836 2396 ἴθυςαν
881 2332 939 2397 δ’
983 2332 1088 2397 ἐπὶ
1130 2336 1340 2412 τεῖχος
1383 2332 1672 2397 ἀολλέες.
1765 2332 1829 2396 οἳ
1873 2333 1988 2413 μέν
2033 2331 2253 2396 ἔπειτα

619 2433 948 2512 κροςςάων
993 2434 1335 2516 ἐπέβαινον
1380 2434 1707 2514 ἀκαχμένα
1752 2432 2012 2512 δούρατ’
2056 2431 2337 2515 ἔχοντες,

449 2539 574 2597 445
617 2534 860 2615 Ἕκτωρ
906 2535 963 2601 δ’
1005 2534 1291 2616 ἁρπάξας
1334 2538 1499 2603 λᾶαν
1544 2536 1778 2618 φέρεν,
1824 2534 1898 2600 ὅς
1943 2534 2024 2615 ῥα
2067 2535 2338 2599 πυλάων

585 2751 654 2805 V.
696 2770 746 2807 L.
795 2757 896 2806 425
931 2753 1181 2809 ΔΗΟΥΝ
1211 2754 1332 2821 Syr.
1371 2756 1569 2823 δηΐουν
1601 2751 1727 2806 DH.
1765 2756 1941 2822 δῄουν
1974 2754 2010 2818 ἢ
2047 2754 2245 2820 δηΐουν
2278 2751 2342 2817 Ε,
2380 2751 2522 2806 conf.
2547 2752 2585 2807 Ε
2610 2758 2728 2806 452.

451 2820 719 2886 ςτήθεςφι
755 2818 913 2873 Vrat.
948 2821 1011 2874 A.
1060 2851 1122 2860 —
1167 2827 1267 2873 426
1302 2823 1609 2876 ἐϋκύκλους
1646 2820 1704 2874 C.
1744 2852 1803 2860 —
1850 2825 1951 2873 427
1989 2835 2132 2873 κατα
2170 2820 2215 2871 D
2257 2825 2298 2872 1.
2336 2836 2483 2873 man.
2521 2848 2584 2859 ——
2608 2820 2728 2873 ’428

452 2889 628 2955 ὅτεῳτ
666 2889 784 2940 ὅτω
821 2888 871 2941 A
907 2887 1095 2940 Ambr.
1132 2888 1313 2943 CEGS
1350 2888 1528 2942 Schol.
1570 2889 1616 2941 Ο
1653 2894 1770 2942 449.
1810 2889 1929 2941 ὅτω
1954 2885 2104 2939 DHL
2129 2885 2250 2954 Syr.
2289 2888 2644 2953 γυμνωθέντι
2669 2887 2728 2940 L.

452 2985 515 2992 -
551 2960 653 3008 430
687 2939 875 3020 πάντῃ
913 2954 1062 3008 ΑΕΗ
1099 2955 1281 3011 schol.
1319 2959 1368 3009 φ
1405 2962 1489 3010 20.
1526 2958 1675 3009 πάντ
1750 2956 2005 3010 Ambros.
2043 2953 2232 3008 cnm.
2268 2954 2305 3007 s
2348 2972 2390 3008 r.
2434 2956 2531 3021 διμ
2568 2956 2628 3009 δὲ
2663 2954 2726 3007 G.

452 3024 503 3076 δ’
526 3022 580 3076 οἱ
605 3020 662 3075 L.
699 3051 756 3061 —
797 3027 891 3075 431
922 3024 1130 3091 τρῴων
1154 3023 1213 3077 L.
1249 3054 1311 3062 -
1348 3030 1448 3078 432
1473 3022 1655 3078 omitt.
1679 2974 2095 3078 ambrosianus,
2132 3023 2237 3075 ῶςε
2272 3020 2315 3074 li
2356 3022 2402 3074 ri
2427 3023 2522 3076 ὣς.
2558 3022 2608 3074 A
2634 3022 2731 3077 ὡς.

451 3119 518 3130 --
553 3096 655 3143 433
689 3091 820 3154 ἔχεν
856 3089 1038 3157 Apoll.
1077 3088 1205 3148 Lex.
1246 3096 1356 3156 149,
1393 3098 1440 3144 4.
1490 3093 1568 3145 ῶς
1612 3107 1703 3145 τες
1744 3093 1859 3158 ᾧτε
1896 3089 2076 3144 Cram.
2114 3088 2293 3158 Epim.
2329 3095 2445 3155 446,
2481 3095 2546 3144 23
2583 3090 2643 3144 et
2666 3096 2731 3143 28

399 3212 412 3219 ,
454 3156 675 3210 diserte.
714 3159 829 3226 ᾧτε
867 3155 1268 3216 10.Alexandr.
1294 3165 1377 3223 32,
1414 3164 1446 3211 6
1483 3160 1543 3212 et
1577 3157 1662 3212 Et.
1692 3157 1806 3227 ΜΒ.
1830 3162 1947 3224 825,
1972 3162 2039 3211 23
2062 3173 2166 3225 pro
2202 3157 2413 3212 ώςείτε.
2488 3158 2730 3224 ερνήτης
2778 3180 2781 3183 ·

454 3222 641 3292 Apoll.
677 3224 805 3281 Lex.
843 3225 1036 3291 ἀλῆτις
1072 3224 1254 3293 Apoll.
1281 3225 1410 3284 Lex.
1446 3231 1529 3290 24,
1556 3232 1603 3279 9.
1640 3255 1704 3264 ——
1738 3230 1840 3280 434
1874 3225 2050 3292 εἰρίον
2085 3223 2133 3276 D
2160 3231 2207 3278 2.
2244 3241 2390 3278 man.
2479 3265 2493 3279 .
2532 3255 2592 3264 —
2629 3232 2731 3279 435

455 3293 648 3358 ἄροιτο
682 3291 844 3344 Rhet.
883 3290 976 3345 Gr.
1016 3290 1062 3345 11
1101 3299 1200 3346 295
1254 3300 1336 3347 27.
1373 3296 1566 3358 ἕληται
1604 3292 1786 3350 Sobel.
1822 3293 1882 3347 Π
1918 3298 1965 3347 7.
2004 3323 2061 3331 -
2109 3298 2210 3345 436
2247 3292 2326 3348 ὡς
2361 3291 2461 3346 AD
2501 3298 2545 3345 1.
2584 3309 2729 3347 man.

456 3360 549 3414 ἐπι
583 3357 649 3411 D.
688 3360 774 3412 tm
811 3358 875 3412 G.
922 3361 1169 3424 πόλεμος
1204 3334 1350 3430 hp..
1389 3360 1536 3414 Flor.
1586 3390 1649 3399 -
1695 3366 1795 3413 437
1830 3362 1897 3426 δὴ
1936 3359 2119 3413 omitt.
2156 3360 2198 3415 c
2238 3367 2280 3415 1.
2319 3377 2465 3414 man.
2514 3362 2730 3416 Υπερ-

455 3427 696 3480 ΤΑΤΟΝ
733 3426 987 3479 Ambroe.
1021 3427 1169 3482 δῶκε
1209 3429 1253 3481 Α
1289 3427 1482 3482 Ambr.
1510 3426 1704 3482 CEGH
1741 3427 1863 3495 Syr.
1902 3458 1967 3466 —
2001 3432 2102 3481 438
2139 3429 2411 3483 ἑςύλλατο
2437 3426 2494 3482 L.
2531 3458 2596 3467 -—·
2630 3434 2732 3482 439

455 3497 589 3561 ἦϋςε
626 3492 1023 3576 1)(ἷ.“τρῲεςςι
1057 3492 1115 3547 L.
1162 3498 1407 3551 δαναοῖςι
1442 3495 1509 3553 Η.
1557 3525 1621 3533 -
1664 3502 1765 3551 440
1808 3501 1990 3563 τρῲες
2027 3493 2085 3548 L.
2130 3496 2407 3562 ῥήγνυςθέ
2451 3513 2516 3550 τε
2560 3495 2620 3548 L.
2667 3527 2730 3535 —

458 3625 521 3634 -
555 3600 651 3648 441
690 3579 899 3650 ἐνέίετε
936 3594 1005 3647 Η.
1043 3594 1250 3651 ἑνείετε
1284 3595 1496 3651 Townl.
1534 3627 1600 3637 —
1640 3602 1741 3649 442
1777 3596 1856 3651 ὡς
1892 3595 1959 3649 Α.
1998 3597 2166 3661 ἔφατ’
2199 3595 2309 3652 ΑΕ.
2350 3596 2408 3651 οἳ
2438 3599 2490 3650 δ’
2525 3596 2589 3649 D.
2626 3597 2732 3650 οἵδ’

458 3661 666 3717 CGHL.
701 3694 766 3704 -
802 3669 905 3717 443
939 3662 994 3718 οἳ
1030 3666 1134 3728 μὲν
1169 3663 1225 3718 Ο.
1263 3700 1328 3709 -
1362 3670 1462 3719 445
1497 3665 1642 3718 λάαν
1675 3662 1849 3718 DGH.
1886 3665 1951 3719 ὃς
1986 3665 2059 3730 ῥὰ
2092 3662 2260 3721 DGL.

593 3865 657 3919 A.
703 3882 751 3920 ο.
822 3871 925 3920 428
968 3864 1283 3920 zenodotus
1325 3868 1500 3934 ὅτεῳε
1550 3866 1731 3919 altera
1774 3866 1944 3920 leeffio
1979 3867 2099 3934 ὅτῳ
2141 3866 2369 3920 videtur
2411 3867 2733 3922 Aristarcho

459 3930 670 3986 deberi.
716 3963 780 3972 -
825 3939 926 3987 430
959 3932 1313 3987 Aristarchus
1356 3935 1453 4000 δήε
1490 3935 1541 3987 δ’
1577 3937 1611 4001 ᾖ
1650 3933 1950 4002 TyranniO.
1988 3968 2050 3978 --
2095 3940 2196 3988 433
2233 3936 2347 4001 ᾧτε
2383 3933 2735 3988 Herodianus

459 4000 602 4053 teste
637 3999 893 4055 Eustath.
933 4006 1049 4065 117,
1085 4006 1167 4055 39.
1203 4031 1269 4040 -
1303 4006 1403 4056 435
1438 4002 1627 4056 οὕτως
1665 4004 1806 4066 μετὰ
1840 4006 1945 4055 τοῦ
1982 4006 2029 4054 V
2067 4002 2317 4065 ἀνεικέα,
2355 4005 2464 4057 ἔξω
2499 4003 2734 4057 νείκους.

459 4068 691 4131 ἄμεινον
726 4068 786 4122 δέ
823 4084 993 4136 φηςιν
1028 4070 1124 4135 (sc.
1167 4068 1540 4135 Ἀρίςταρχος)
1576 4070 1791 4136 ἀεικέα,
1835 4070 1943 4123 τὸν
1979 4070 2199 4136 εὐτελῆ.
2258 4069 2320 4122 ἐν
2363 4070 2425 4124 δὲ
2468 4075 2553 4137 τῷ
2589 4072 2734 4137 πρὸς

458 4135 530 4188 τὸ
566 4135 830 4189 Ξένωνος
867 4137 1186 4203 παράδοξον
1222 4138 1568 4203 προφέρεται
1601 4137 1860 4203 ἀμεμφέα
1897 4137 2093 4202 μιςθόν
2127 4134 2473 4204 Didymus.
2533 4138 2596 4191 ἐν
2630 4155 2734 4193 τιςι

461 4203 602 4263 μετὰ
644 4207 748 4256 τοῦ
781 4208 830 4255 V
880 4204 1129 4267 ἀνεικὲα,
1172 4205 1281 4258 ἔξω
1326 4204 1545 4257 νείκους
1592 4202 1771 4259 Sohol.
1818 4205 1883 4257 A.
1925 4234 1993 4244 -
2035 4209 2135 4256 444
2178 4203 2463 4271 ἀκαχμένα
2506 4206 2736 4273 δούρατ’

460 4271 713 4335 ἔχοντεςτ
749 4271 872 4325 ἐπεὶ
908 4275 1040 4325 θεοῦ
1065 4273 1267 4327 ἔκλυον
1293 4273 1473 4341 αὐδήν
1497 4270 1835 4347 ZenodetuS,
1874 4272 2019 4329 conf.
2047 4271 2290 4330 Ariston.
2317 4272 2389 4330 ad
2413 4280 2512 4328 439
2537 4275 2598 4333 et
2618 4280 2734 4331 442.
