3144 5006
446 359 572 429 232
1373 365 1702 422 ΙΛΙΑΔΟ(
1747 367 1811 421 Θ.

454 538 579 598 415
626 530 755 596 ὧδε
799 524 924 605 γὰρ
968 519 1262 600 ἠπείληςε
1312 520 1558 600 Κρόνου
1603 519 1783 603 πάις,
1826 520 1865 604 ᾗ
1911 521 2112 586 τελέει
2155 536 2309 601 περ’

623 630 918 710 γυιώςειν
964 626 1079 705 μὲν
1125 627 1330 703 ςφῶιν
1376 622 1488 702 ὑφ’
1531 621 1797 701 ἅρμαςιν
1823 622 2047 687 ώκέας
2085 621 2349 705 ἵππους,

627 731 825 800 αὐτὰς
868 727 926 794 δ’
969 726 1039 791 ἐκ
1083 724 1318 806 δίφρου
1364 723 1615 803 βαλέειν
1658 723 1816 789 κατά
1861 724 1916 788 θ’
1957 722 2207 806 ἅρματα
2249 724 2452 793 ἄξειν·

631 833 785 901 οὐδέ
828 849 937 895 κεν
982 828 1049 892 ἐς
1093 825 1397 892 δεκάτους
1439 825 2016 905 περιτελλομένους
2061 825 2392 892 ἐνιαυτοὺς

623 934 786 1003 ἕλκε’
830 929 1338 1008 ἀπαλθήςεςθον,
1382 924 1424 990 ἅ
1467 947 1577 992 κεν
1623 927 1935 1013 μάρπτῃςι
1980 928 2318 1008 κεραυνός·
2458 915 2462 919 ⁴

453 1045 579 1104 420
624 1036 776 1117 ὄφρ’
819 1033 996 1116 εἰδῇς
1038 1032 1399 1111 γλαυκῶπι,
1447 1027 1543 1094 ὅτ’
1586 1028 1667 1093 ἂν
1713 1035 1802 1113 ςῶ
1847 1031 2037 1110 πατρὶ
2078 1030 2330 1110 μάχηαι.

620 1140 787 1218 Ἥρῃ
830 1133 887 1201 δ’
933 1131 1011 1197 οὔ
1054 1151 1114 1196 τι
1157 1128 1349 1195 τόςον
1395 1130 1776 1210 νεμεςίζεται
1823 1130 1976 1197 οὐδὲ
2023 1133 2360 1211 χολοῦται·

624 1239 745 1305 αἰεί
786 1235 911 1314 γάρ
963 1233 1026 1299 οἱ
1068 1231 1274 1298 ἔωθεν
1320 1230 1577 1298 ἐνικλᾶν
1622 1230 1758 1296 ὅττί
1805 1252 1913 1298 κεν
1959 1231 2123 1317 εἴπῃ.

621 1339 790 1406 ἀλλὰ
835 1336 907 1402 ςύ
951 1335 1012 1412 γ’
1055 1332 1389 1417 αἰνοτάτη,
1433 1333 1594 1400 κύον
1640 1332 1856 1418 ἀδεές,
1901 1333 1958 1399 εἰ
2001 1333 2184 1401 ἐτεόν
2229 1355 2305 1412 γε

621 1441 950 1522 τολμήςεις
992 1436 1158 1502 Διὸς
1202 1433 1364 1500 ἄντα
1407 1435 1735 1516 πελώριον
1781 1434 1975 1514 ἔγχος
2019 1434 2246 1515 ἀεῖραι.

452 1549 575 1609 425
790 1541 829 1619 ἢ
875 1540 990 1620 μὲν
1036 1537 1138 1618 ἄρ’
1182 1537 1272 1601 ὣς
1316 1535 1559 1602 εἰποῦς’
1603 1535 1809 1618 ἀπέβη
1854 1535 2059 1603 πόδας
2103 1537 2273 1604 ὠκέα
2316 1537 2483 1621 Ἶρις,

623 1638 1210 1721 αὐτὰρ,Ἀθηναίην
1254 1638 1418 1717 Ἥρη
1464 1638 1632 1717 πρὸς
1673 1641 1875 1717 μῦθον
1921 1637 2162 1705 ἔειπεν·

792 1744 846 1809 ὢ
890 1742 1127 1824 πόποι,
1173 1738 1488 1818 αἰγιόχοιο
1534 1739 1699 1805 Διὸς
1741 1740 1957 1823 τέκος,
2003 1739 2210 1806 οὐκέτ’
2254 1741 2383 1820 ἐγώ
2424 1763 2499 1818 γε

622 1853 743 1915 νῶι
787 1844 874 1911 ἐῶ
919 1843 1083 1909 Διὸς
1127 1840 1290 1908 ἄντα
1335 1843 1589 1922 βροτῶν
1635 1841 1824 1931 ἕνεκα
1866 1843 2278 1923 πτολεμίζειν.

621 1955 752 2015 τῶν
796 1945 997 2012 ἄλλος
1042 1944 1156 2025 μὲν
1202 1940 1614 2025 ἀποφθίςθω,
1660 1942 1860 2008 ἄλλος
1905 1944 1974 2009 δὲ
2019 1944 2262 2028 βιώτω,

456 2059 584 2118 430
629 2050 702 2115 ὅς
749 2068 816 2113 κε
861 2046 1053 2131 τύχῃ·
1102 2047 1314 2110 κεῖνος
1358 2044 1429 2109 δὲ
1472 2045 1553 2108 τὰ
1596 2043 1638 2106 ἃ
1682 2044 1988 2125 φρονέων
2032 2044 2130 2110 ἐνί
2172 2051 2349 2129 θυμῷ

625 2150 830 2232 Τρωςί
873 2168 942 2213 τε
986 2147 1088 2210 καὶ
1131 2145 1446 2210 Δαναοῑςι
1494 2141 1826 2227 δικαζέτω,
1873 2144 1964 2208 ὡς
2007 2144 2290 2213 ἐπιεικές.

797 2251 886 2315 ὣς
929 2247 1055 2326 ἄρα
1098 2247 1447 2327 φωνήςαςα
1489 2245 1685 2311 πάλιν
1730 2246 1924 2325 τρέπε
1968 2247 2267 2327 μώνυχας
2308 2248 2567 2317 ἵππους.

624 2359 798 2438 τῇςιν
842 2349 900 2414 δ’
945 2347 1134 2427 Ὧραι
1177 2346 1292 2425 μὲν
1338 2348 1535 2413 λῦςαν
1581 2347 1981 2427 καλλίτριχας
2021 2346 2291 2416 ἵππους·

622 2455 722 2522 καὶ
767 2451 920 2517 τοὺς
965 2449 1080 2531 μὲν
1124 2447 1470 2528 κατέδηςαν
1516 2448 1618 2514 ἐπ’
1662 2447 2026 2536 ἀμβροςίῃςι
2069 2450 2401 2537 κάπῃςιν,-

454 2564 577 2623 435
624 2556 872 2637 ἅρματα
915 2553 972 2618 δ’
1017 2551 1274 2617 ἔκλιναν
1314 2550 1479 2629 πρὸς
1525 2550 1773 2615 ἐνώπια
1815 2552 2333 2632 παμφανόωντα·

623 2656 808 2723 αὐταὶ
853 2654 925 2721 δὲ
968 2653 1321 2734 χρυςέοιςιν
1368 2652 1469 2717 ἐπὶ
1513 2654 1816 2733 κλιςμοῑςι
1859 2656 2115 2722 καθῖζον

591 2825 656 2881 V.
677 2844 728 2880 1..
762 2828 863 2878 415
888 2822 1067 2878 omitt.
1087 2820 1301 2876 Townl.
1322 2823 1381 2874 et
1396 2820 1687 2874 substituit
1704 2836 1927 2874 versum
1944 2828 2058 2875 401.
2084 2823 2217 2880 πάϊς
2236 2823 2391 2879 Vrat.
2410 2825 2464 2878 b.
2489 2824 2656 2879 Mose.
2680 2832 2736 2879 2:

455 2901 586 2951 παῖς
620 2890 934 2947 ACDGHL.
981 2894 1046 2959 ᾖε
1083 2889 1133 2944 εἰ
1177 2886 1580 2944 ACDEGHLS.
1626 2891 1756 2957 post
1801 2888 1950 2942 hunc
1986 2888 2033 2944 G
2068 2888 2205 2944 Mor.
2243 2892 2355 2947 ὧδε
2396 2894 2502 2960 γὰρ
2538 2893 2743 2961 ἐξερέει

454 2966 587 3020 τόδε
623 2964 714 3016 καὶ
751 2959 1156 3023 τετελεςμὲνον
1191 2958 1356 3011 ἔςται.
1394 2986 1464 2996 —
1496 2961 1598 3010 416
1632 2957 1853 3021 γυιώςει
1890 2956 1933 3008 L
1970 2957 2150 3026 Apoll.
2189 2959 2259 3013 de
2295 2959 2454 3028 Synt.
2496 2966 2610 3026 167,
2650 2967 2738 3025 163

454 3031 554 3086 sed
587 3029 739 3084 idem
777 3027 847 3081 de
882 3025 1048 3079 Pron.
1085 3031 1151 3078 24
1186 3025 1236 3076 Α
1281 3025 1555 3088 γυιώςειν.
1603 3052 1668 3062 -
1712 3029 1812 3078 417
1847 3024 2069 3092 δίφροιο
2105 3026 2164 3079 L.
2212 3023 2357 3081 κατα
2391 3027 2503 3082 DL.
2538 3031 2741 3096 ἅρματ’

456 3098 523 3154 G.
574 3126 640 3137 -
674 3101 791 3156 ,419
836 3094 1250 3159 ἀπαλθήςεςθαι
1296 3090 1333 3144 S
1381 3090 1538 3145 Cant.
1598 3119 1659 3131 -
1715 3097 1817 3146 420
1868 3095 2162 3157 γλαυκῶπι
2208 3093 2541 3149 ACDGHLS
2585 3096 2652 3150 Li
2693 3115 2737 3152 s.

456 3164 695 3221 Townl.:
732 3164 1056 3228 γλαυκῶπις
1090 3159 1229 3213 Mor.
1270 3162 1342 3224 (⁴2)
1381 3158 1536 3213 Vrat.
1574 3174 1623 3212 a.
1658 3156 1828 3213 Mose.
1865 3165 1912 3219 3,
1950 3162 2091 3215 ὅταν
2128 3160 2237 3216 CG.
2284 3168 2389 3232 ςῶε
2428 3165 2475 3232 ᾧ
2515 3161 2563 3216 G
2598 3114 2736 3220 Mgr.

455 3263 518 3272 -·
554 3238 655 3286 422
691 3230 896 3284 εἴωθεν
930 3228 1082 3282 ἐνικλ
1125 3244 1156 3279 ν
1194 3225 1258 3280 G.
1299 3228 1475 3295 νοήςῃ
1511 3224 1722 3280 ADHS.
1762 3228 1948 3290 νοήςει
1973 3227 2066 3282 OG
2103 3228 2257 3287 Vrat.
2294 3230 2346 3284 b.
2384 3248 2484 3285 κεν
2519 3230 2651 3299 εἴπῃ
2677 3230 2737 3286 L.

455 3331 520 3340 -—
556 3305 656 3353 423
692 3298 836 3352 ἀλλὰ
871 3297 954 3350 col
988 3294 1032 3347 L
1119 3294 1221 3348 rat.
1259 3294 1313 3346 b.
1352 3293 1435 3348 ςοί
1470 3295 1522 3364 γ’
1558 3292 1610 3351 S.
1648 3295 1806 3349 κύων
1840 3296 1997 3350 ἀδεὲς
2030 3296 2091 3350 G.
2129 3298 2320 3352 ἀδδεὲς
2344 3296 2649 3357 ACDEHL,
2672 3327 2739 3337 -

454 3374 554 3423 425
598 3368 667 3433 ἂρ
703 3362 865 3417 DGL.
909 3364 981 3430 ἀρ
1017 3363 1097 3418 ὠς
1132 3364 1196 3415 A.
1241 3361 1347 3428 ἰρις
1385 3360 1449 3416 D.
1492 3391 1564 3404 -
1606 3368 1706 3416 426
1751 3380 1894 3430 προς
1939 3362 2049 3418 CD.
2096 3394 2160 3403 —
2204 3371 2303 3419 427
2340 3366 2387 3418 ῶ
2425 3365 2489 3423 Α.
2537 3395 2605 3405 -
2638 3370 2740 3420 428

456 3440 598 3490 νῶϊν
633 3431 768 3488 CHS
803 3430 947 3484 Ven.
981 3430 1046 3484 B.
1081 3433 1187 3483 νῶι
1222 3431 1275 3481 τ’
1308 3429 1369 3483 L.
1406 3434 1488 3483 νῶ
1525 3428 1592 3482 D.
1629 3431 1950 3496 πολεμίζειν
1986 3430 2098 3485 DE.
2134 3462 2203 3473 —
2236 3438 2336 3486 429
2372 3432 2738 3499 ἀποφθείςθω

455 3502 566 3557 ΑΕ.
642 3507 779 3569 ιῶτο
816 3498 955 3552 Mor.
993 3528 1059 3537 —
1093 3503 1190 3551 431
1226 3499 1400 3564 τρῳςί
1436 3496 1494 3552 L.
1541 3528 1608 3537 —
1652 3505 1752 3553 432
1789 3500 2098 3566 φωνήςαςα
2141 3500 2416 3567 ἐπέτρεπε
2451 3498 2509 3556 L.
2558 3502 2740 3567 τράπε

457 3569 551 3626 CG
634 3583 813 3623 ποορ.
852 3566 988 3620 Mor.
1028 3596 1092 3604 —
1128 3571 1228 3619 433
1264 3571 1388 3634 τῇςι
1424 3565 1472 3618 G
1509 3564 1574 3618 Li
1617 3583 1658 3619 s.
1702 3567 1754 3619 δ’
1790 3567 1971 3620 omitt.
2007 3565 2074 3618 D.
2123 3596 2186 3606 —
2230 3573 2330 3622 434
2365 3567 2642 3636 ἀβροςίῃςι
2677 3567 2739 3621 L.

455 3637 788 3707 ἀμβροςίοιςι
825 3633 891 3688 D.
928 3635 1131 3701 κάπῃςι
1168 3631 1286 3687 GH.
1325 3663 1390 3671 —
1424 3639 1523 3688 435
1558 3583 1822 3699 ἐργκλιναν
1858 3634 2019 3687 Rhet.
2059 3632 2152 3690 Gr.
2192 3634 2286 3697 111,
2311 3640 2428 3700 203,
2456 3641 2536 3688 30.
2572 3653 2739 3703 προς-

456 3709 674 3764 ενώπια
712 3701 873 3756 AGL.
910 3702 1242 3769 προενώπια
1269 3705 1338 3767 (2)
1375 3700 1511 3757 Mor.
1553 3737 1615 3744 —-
1650 3707 1751 3757 436
1788 3702 2012 3757 κάθιζον
2044 3700 2299 3755 ACDGL.
2337 3702 2631 3757 καθίζοντο
2670 3703 2739 3759 Η.

592 3874 658 3928 A.
686 3891 734 3926 ο.
792 3877 893 3926 415
930 3871 1255 3950 ἀρίςταρχος
1301 3871 1388 3925 διὰ
1419 3874 1522 3924 τοο
1558 3876 1607 3937 ἦ
1650 3872 1684 3939 ᾗ
1730 3871 1911 3924 τελέει
1946 3886 2053 3937 περ
2088 3868 2430 3940 Didymus.
2471 3908 2535 3917 -
2572 3878 2741 3927 420-

455 3950 556 4000 422
600 3944 956 3998 ἀθετοῦνται.
1028 3939 1302 3993 astensci:
1350 3939 1534 4005 ὀρθῶς
1578 3942 1881 3993 406-408.
1952 3940 2245 4002 γλαυκῶπι
2291 3938 2423 3993 dedi
2469 3956 2536 3994 ex
2582 3940 2740 3997 libris

458 4011 802 4073 melioribus,
841 4006 984 4063 conf.
1013 4024 1039 4061 ε
1062 4012 1127 4062 87
1166 4006 1383 4074 Ἑρμεία
1417 4007 1758 4073 χρυςόρραπι
1794 4005 2144 4073 εἰλήλουθας,
2181 4005 2249 4060 Η.
2280 4006 2341 4061 Τ.
2368 4014 2484 4062 395.
2522 4038 2587 4048 -
2623 4015 2741 4075 423,

457 4086 557 4135 424
592 4080 927 4133 ἀθετοῦνται
962 4074 1422 4130 Aristonicus,
1462 4110 1523 4118 —
1559 4079 1659 4127 423
1695 4073 1882 4127 οὕτως
1920 4074 1982 4127 ςύ
2019 4075 2108 4126 διὰ
2141 4078 2247 4129 τοῦ
2286 4081 2353 4142 ῑῖ,
2390 4078 2460 4131 τὸ
2496 4078 2557 4132 δὲ
2581 4077 2741 4132 ἀδεὲς

458 4166 528 4220 δι’
563 4150 765 4217 ἑνὸς-’δ’
804 4160 836 4214 ὁ
880 4159 1206 4226 ἀρίςταρχος
1251 4157 1596 4279 DidBmus.
1642 4158 1833 4213 ἀδδεὲς
1869 4157 2083 4224 Nicias,
2129 4158 2272 4212 conf.
2311 4158 2378 4212 H.
2419 4160 2481 4218 T.
2522 4167 2633 4216 178.
2671 4194 2733 4205 -.

456 4236 558 4285 428
592 4231 778 4305 οὕτως
815 4231 923 4281 νῶϊ
959 4229 1129 4294 χωρὶς
1162 4231 1267 4280 τοῦ
1305 4232 1352 4281 V
1449 4226 1562 4294 idy
1577 4242 1732 4279 mus.
1780 4228 1869 4282 ὅτι
1903 4228 2051 4281 τινὲς
2087 4243 2172 4294 γρ.
2208 4229 2311 4283 ςὺν
2346 4234 2432 4300 τῷ
2469 4234 2519 4283 V
2555 4235 2740 4286 κακῶς

460 4297 916 4358 Aristomous.
952 4311 1022 4348 an
1059 4293 1411 4350 zenodotus?
1448 4293 1594 4353 conf.
1634 4300 1747 4349 377.
