3144 5006
412 334 536 397 214
1329 332 1663 388 ΙΛΙΑΔΟΕ
1711 334 1772 389 Θ.

458 492 537 550 25
584 489 794 567 ςειρὴν
839 488 957 567 μέν
1003 509 1111 554 κεν
1155 488 1377 554 ἔπειτα
1420 487 1569 565 περὶ
1612 485 1755 565 ῥίον
1801 484 2178 566 Οὐλύμποιο

583 590 917 670 δηςαίμην,
963 591 1043 655 τὰ
1087 591 1158 656 δέ
1203 591 1257 655 κ’
1301 587 1454 653 αὖτε
1497 587 1779 667 μετήορα
1822 587 2034 653 πάντα
2075 587 2349 662 γένοιτο.

580 691 806 758 τόςςον
852 691 981 768 ἐγὼ
1025 691 1170 769 περί
1211 692 1264 756 τ’
1308 689 1430 770 εἰμὶ
1474 692 1645 754 θεῶν
1689 689 1836 769 περί
1877 686 1932 753 τ’
1977 686 2097 768 εἴμ’
2141 688 2527 768 ἀνθρώπων.

753 794 842 858 ὣς
885 792 1095 875 ἔφαθ’,
1143 792 1209 857 οἳ
1252 790 1309 855 δ’
1351 788 1478 869 ἄρα
1521 789 1760 856 πάντες
1804 791 1966 870 ἀκὴν
2009 791 2322 867 ἐγένοντο
2367 798 2569 875 ςιωπῇ

581 899 784 975 μῦθον
829 882 1281 974 ἀγαςςάμενοι·
1323 893 1494 972 μάλα
1535 894 1661 973 γὰρ
1705 898 2031 972 κρατερῶς
2076 892 2444 973 ἀγόρευςεν.

459 1004 544 1062 30
586 997 715 1077 ὀψὲ
758 998 831 1062 δὲ
874 997 952 1075 δὴ
997 994 1285 1076 μετέειπε
1329 995 1445 1059 θεὰ
1488 997 1862 1071 γλαυκῶπις
1905 995 2166 1074 Ἀθήνη·

754 1097 808 1162 ὦ
853 1097 1055 1176 πάτερ
1099 1096 1362 1177 ἡμέτερε
1411 1095 1713 1179 Κρονίδη,
1760 1095 1961 1163 ὕπατε
2006 1097 2373 1180 κρειόντων,

581 1198 653 1264 εὗ
698 1220 778 1265 νυ
823 1199 925 1263 καὶ
966 1197 1145 1278 ἡμεῖς
1189 1197 1370 1277 ἴδμεν
1414 1197 1453 1262 ὅ
1497 1218 1598 1262 τοι
1643 1199 1865 1264 ςθένος
1911 1199 2028 1265 οὐκ
2071 1199 2421 1265 ἐπιεικτόν·

583 1300 725 1366 ἀλλ’
770 1300 972 1382 ἔμπης
1018 1300 1306 1397 Δαναῶν
1352 1298 1793 1395 ὀλοφυρόμεθ’
1835 1300 2224 1384 αἰχμητάων,

585 1403 650 1467 οἵ
694 1424 803 1469 κεν
846 1405 925 1481 δὴ
972 1404 1169 1468 κακὸν
1215 1400 1399 1467 οἶτον
1445 1401 1926 1480 ἀναπλήςαντες
1970 1401 2272 1469 ὄλωνται.

457 1512 537 1569 35
581 1504 723 1570 ἀλλ’
766 1505 804 1586 ἦ
849 1525 952 1570 τοι
995 1504 1290 1584 πολέμου
1336 1505 1451 1585 μὲν
1496 1503 1859 1587 ἀφεξόμεθ’,
1903 1503 1995 1569 ὡς
2038 1505 2112 1569 ςὺ
2156 1503 2466 1571 κελεύεις·

585 1608 823 1687 βουλὴν
866 1607 924 1672 δ’
967 1606 1271 1686 Ἀργείοις
1317 1606 1763 1689 ὑποθηςόμεθ’,
1807 1606 1846 1684 ἥ
1889 1627 1983 1673 τις
2027 1606 2271 1686 ὀνήςει,

583 1708 673 1774 ὡς
716 1711 798 1789 μὴ
843 1708 1080 1775 πάντες
1123 1708 1406 1774 ὄλωνται
1450 1707 1908 1787 ὀδυςςαμένοιο
1953 1711 2149 1774 τεοῖο.

749 1812 867 1890 τὴν
912 1810 970 1874 δ’
1012 1810 1414 1891 ἑπιμειδήςας
1457 1811 1751 1891 προςέφη
1797 1810 2271 1892 νεφεληγερέτα
2313 1811 2507 1876 Ζεύς·

580 1910 794 1993 θάρςει
837 1912 1258 1996 τριτογένεια,
1302 1912 1500 1993 φίλον
1543 1913 1754 1978 τέκος·
1800 1911 1879 1976 οὔ
1923 1912 2002 1978 νύ
2049 1934 2106 1978 τι
2149 1919 2329 1995 θυμῷ

457 2019 541 2080 40
584 2014 913 2095 πρόφρονι
956 2014 1290 2094 μυθέομαι·
1336 2014 1539 2078 ἐθέλω
1584 2013 1656 2078 δέ
1699 2034 1800 2078 τοι
1842 2014 2031 2092 ἤπιος
2075 2013 2264 2080 εἶναι.

750 2116 839 2180 ὣς
883 2115 1085 2181 εἰπὼν
1129 2113 1239 2178 ὑπ’
1282 2113 1510 2194 ὄχεςφι
1553 2113 1875 2180 τιτύςκετο
1920 2114 2271 2194 χαλκόποδ’
2310 2115 2514 2197 ἵππω,

583 2217 909 2299 ὠκυπέτα,
954 2216 1284 2299 χρυςέῃςιν
1329 2213 1639 2298 ἐθείρῃςιν
1684 2215 2047 2299 κομόωντε,
2140 2266 2147 2271 .

585 2319 821 2400 χρυςὸν
865 2318 923 2382 δ’
967 2318 1161 2382 αὐτὸς
1205 2316 1393 2381 ἔδυνε
1436 2317 1583 2394 περὶ
1627 2318 1805 2401 χροῒ,
1848 2318 2040 2395 γέντο
2086 2320 2143 2383 δ’
2185 2317 2493 2400 ἱμάςθλην

582 2421 875 2501 χρυςείην
920 2418 1257 2501 εὔτυκτον,
1303 2419 1416 2483 ἑοῦ
1462 2419 1520 2483 δ’
1562 2418 1907 2501 ἐπεβήςετο
1954 2418 2209 2500 δίφρου.
2276 2426 2283 2435 ’

455 2529 536 2586 45
580 2521 867 2601 μάςτιξεν
912 2522 970 2587 δ’
1012 2520 1241 2607 ἐλάαν·
1285 2523 1377 2587 τὼ
1422 2521 1480 2587 δ’
1526 2520 1644 2587 οὐκ
1686 2520 1954 2587 ἀέκοντε
1998 2522 2308 2604 πετέςθην

2482 2695 2631 2728 '‘t-uu..-

547 2759 615 2812 V.
654 2778 707 2813 r..
758 2763 826 2813 25
861 2760 1153 2826 περὶρρΐον
1189 2757 1248 2812 C.
1292 2725 1546 2826 nepiglov
1583 2757 1649 2811 D.
1696 2761 1987 2826 περῑρρῐον
2032 2756 2099 2814 Η.
2145 2761 2271 2827 περὶ
2311 2759 2435 2828 ρίον
2470 2759 2525 2813 S.
2574 2763 2700 2827 περὶ

450 2830 554 2884 ύον
576 2826 638 2882 L.
677 2854 742 2868 -
778 2832 845 2881 26
868 2828 941 2881 τὰ
974 2828 1035 2880 δέ
1057 2828 1110 2881 κ’
1133 2827 1260 2881 αὖθι
1283 2825 1503 2880 Pseudo
1569 2827 1649 2879 ut.
1677 2831 1792 2892 125,
1815 2831 1899 2880 27.
1936 2828 2204 2894 μετήιορα
2286 2868 2299 2880 .
2335 2857 2401 2866 -
2435 2833 2501 2881 27
2537 2829 2702 2883 ὅςςον

459 2895 778 2965 seudoplut.
815 2900 930 2961 131,
972 2900 1049 2949 12.
1096 2894 1203 2958 εἰμι
1249 2895 1309 2948 et
1352 2894 1462 2962 εἰμ’
1496 2843 1564 2946 K.
1601 2922 1665 2932 -
1709 2899 1776 2947 28
1811 2895 1890 2949 ὡς
1926 2895 1990 2948 A.
2027 2895 2135 2949 οἵδ’
2169 2893 2323 2950 CGL.
2359 2897 2431 2963 ἂρ
2466 2895 2522 2949 S.
2556 2896 2702 2963 ἀκῆν

415 2965 478 3020 G.
520 2994 581 3005 -—
617 2969 684 3017 29
720 2964 826 3029 ἀγό
893 2979 1021 3017 υςεν
1057 2961 1295 3017 ACGHS
1332 2961 1491 3016 Cant.
1529 2960 1666 3015 Mor.
1701 2960 1855 3016 Vrat.
1892 2962 1945 3015 b.
1983 2967 2042 3016 ο.·
2065 2962 2234 3018 Mose.
2276 2968 2322 3017 1.
2360 2970 2410 3022 3.
2462 2963 2701 3031 ἀγόρευε

413 3034 483 3091 D.
519 3034 793 3100 ἀγόρευεν
826 2980 887 3084 f..
924 3061 989 3071 —
1024 3036 1089 3084 32
1126 3032 1191 3084 εὖ
1226 3035 1332 3084 νῦν
1368 3028 1433 3088 G.
1479 3031 1566 3083 ὅτι
1603 3030 1798 3086 ςθένος
1834 3028 1898 3088 G.
1937 3059 2002 3069 —
2037 3037 2104 3085 34
2139 3032 2196 3086 οἵ
2240 3047 2341 3086 κεν
2375 3031 2416 3086 C
2461 3033 2521 3085 et
2554 3048 2701 3086 man.

413 3118 521 3157 rec.
560 3118 648 3169 γρ.
686 3099 754 3155 εἰ.
787 3128 855 3139 -
890 3105 956 3153 35
992 3099 1071 3153 ὡς
1108 3101 1171 3153 ςὺ
1196 3095 1288 3151 AL
1312 3096 1470 3154 Vmb.
1497 3096 1551 3151 b.
1589 3097 1641 3151 εἰ
1676 3099 1739 3152 ςὺ
1764 3094 2023 3157 DEGHS.
2064 3100 2100 3165 ἦ
2137 3101 2202 3154 ςὺ
2240 3100 2298 3157 C.
2340 3130 2401 3138 -
2437 3105 2503 3153 37
2540 3101 2702 3154 ὅλον-

416 3186 508 3224 ται
543 3167 602 3226 L.
638 3167 1029 3233 ὀδυςςομόνοιο
1063 3164 1108 3218 L
1145 3165 1303 3223 Vrat.
1339 3164 1392 3219 b.
1429 3165 1494 3218 A.
1543 3193 1611 3204 -
1655 3169 1721 3220 38
1759 3168 2174 3235 νεφεληγερέτα
2210 3166 2278 3222 A.
2322 3202 2387 3212 —
2423 3173 2489 3221 39
2525 3167 2594 3221 οὐ
2631 3168 2700 3221 νύ

411 3276 470 3326 τϊ
502 3268 667 3324 DHL.
713 3270 782 3323 οὐ
827 3267 896 3321 νύ
942 3283 1032 3322 τοι
1065 3265 1129 3324 Ε.
1175 3267 1243 3320 οὔ
1287 3282 1376 3321 τοι
1417 3269 1581 3334 θυμῷ
1617 3265 1683 3321 G.
1727 3296 1795 3306 —-
1837 3236 2105 3336 ωἶῗιος
2139 3267 2258 3328 DG,
2304 3297 2371 3307 —-
2415 3274 2480 3322 41
2520 3268 2598 3322 ὡς
2634 3268 2697 3322 A.

415 3340 694 3404 ὑπόχεςφι
740 3334 863 3392 DH.
914 3336 1213 3389 τϋτίςκετο
1259 3333 1327 3388 Η.
1381 3363 1445 3373 -
1498 3340 1564 3388 42
1610 3335 1941 3404 χρυςείηιςιν
1976 3337 2234 3406 ἑθείρηιςι
2269 3337 2594 3404 κομόωνται
2630 3335 2694 3390 D.

414 3439 727 3508 χρυςείῃςιν
750 3436 989 3505 ἑθείρῃςι
1013 3434 1074 3493 Ε.
1102 3419 1437 3502 κομόωντᾶς
1472 3435 1532 3490 L.
1569 3442 1637 3491 44
1660 3438 1933 3494 ἑΰτυκτον
1958 3438 2015 3494 C.
2049 3440 2359 3507 ἑπεβήςετο
2382 3435 2515 3492 CDS
2541 3436 2697 3492 Cant.

414 3540 550 3595 Mor.
596 3539 896 3607 ἑπῑβήςετο
942 3537 1010 3593 Η.
1063 3511 1371 3605 ἐπεβὴςὲτο
1415 3540 1481 3593 A.
1536 3540 1852 3608 ὲπεβήςατο
1896 3537 2010 3598 GL.
2055 3569 2117 3580 —
2162 3544 2230 3594 45
2275 3540 2529 3606 μάςτιξέν
2572 3541 2627 3592 τ’
2661 3537 2699 3591 S

418 3607 579 3662 Cant.
616 3608 790 3676 ἐλάᾳν
825 3605 892 3662 G.
932 3607 963 3642 *
986 3607 1250 3663 ἀέκοντεε
1288 3607 1419 3661 libri
1453 3608 1679 3668 ἄκοντε.

549 3779 616 3833 A.
652 3796 699 3833 c.
751 3783 836 3845 25,
870 3784 934 3832 26
969 3780 1017 3833 Ζ
1058 3778 1294 3833 νόδοτος
1329 3778 1687 3846 ἀμφοτέρους
1725 3778 2007 3846 ἠθέτηκεν
2040 3775 2495 3831 Aristonicus.
2534 3806 2596 3815 —
2634 3782 2701 3831 28

415 3853 551 3902 -40
593 3848 931 3904 ἀθετοῦνται
974 3796 1149 3911 ςτηχοι
1193 3839 1262 3910 ιγ’
1308 3847 1396 3899 ὅτι
1440 3847 1497 3900 ἐξ
1543 3847 1738 3900 ἄλλων
1781 3847 1984 3900 τόπων
2029 3846 2385 3912 μετάκεινται
2432 3844 2698 3899 Aristo-

412 3916 626 3971 nicus.
661 3946 727 3955 —
752 3921 819 3971 29
842 3914 1233 3982 ἀγαςςάμενοιι
1270 3914 1377 3980 γρά
1428 3929 1547 3967 εται
1574 3915 1664 3967 καὶ
1688 3915 2088 3982 φραςςάμενοι·
2124 3916 2337 3978 μᾶλλον
2360 3915 2421 3968 δὲ
2442 3915 2512 3967 τὸ
2538 3914 2701 3979 ἀγας-

414 3984 643 4050 ςάμενοι
675 3988 794 4039 τοῖς
830 3984 955 4050 ἑξῆς
992 3984 1209 4051 ςυνᾲδει
1245 3931 1428 4059 Schfff.
1464 3981 1541 4047 A,
1589 3983 1734 4059 qonf.
1769 3979 1953 4035 Schol.
1999 3984 2011 4036 Ι
2049 3986 2165 4039 694.
2210 4011 2275 4059 —·
2320 3987 2520 4037 32-34
2559 3983 2702 4036 aete-

415 4050 570 4105 rinei:
606 4051 638 4105 ὁ
675 4055 792 4106 θῶς
827 4055 1114 4106 463-465.
1149 4049 1208 4103 in
1245 4048 1437 4103 οοᾶιοο
1475 4048 1728 4103 versnbus
1761 4054 1965 4105 28-34
2009 4048 2257 4104 asteriam
2293 4053 2425 4103 sunt
2469 4048 2700 4119 adpicti.

415 4147 482 4159 —
517 4123 585 4174 35
672 4135 726 4174 c:
762 4120 950 4174 οὕτως
987 4119 1340 4186 ἀρίςταρχος,
1378 4117 1539 4172 ἄλλοι
1584 4118 1645 4173 δὲ
1682 4116 1731 4172 εἰ
1766 4118 1829 4172 ςὺ
1865 4120 2112 4173 κελεύεις
2147 4116 2494 4187 Didymus,
2534 4147 2598 4159 —
2635 4124 2701 4173 37

416 4185 550 4240 οὐδὲ
571 4186 647 4262 ,ἐν
681 4191 753 4252 τῆ
788 4188 1117 4253 Ζηνοδότου
1153 4187 1397 4253 ἐφέρετο
1432 4184 1594 4253 (Cod.
1630 4186 1692 4241 δὲ
1725 4187 1759 4246 ὁ
1790 4186 2015 4256 φέρων)
2040 4185 2387 4260 Didymus.
2422 4217 2489 4228 —
2527 4193 2610 4253 39,
2634 4193 2701 4243 40

417 4252 694 4310 antemi:
732 4254 917 4324 ὀρθῶς
951 4255 996 4314 Χ
1035 4259 1149 4322 183,
1192 4258 1305 4310 184.
2553 4302 2563 4316 .
