3144 5006
433 367 562 434 292
1364 369 1691 428 ιΛιΑΔος
1750 370 1810 430 x.

600 525 838 604 πρόςθε
882 527 997 604 μὲν
1043 525 1264 590 ἐςθλὸς
1308 525 1578 606 ἔφευγε,
1624 525 1812 589 δίωκε
1859 526 1930 590 δέ
1974 547 2081 604 μιν
2127 526 2263 604 μέγ’
2305 525 2600 604 ἀμείνων

601 627 1041 709 καρπαλίμως,
1088 628 1228 704 ἐπεὶ
1272 628 1392 707 οὐχ
1437 627 1681 707 ἱερήιον
1728 627 1881 692 οὐδὲ
1928 628 2144 708 βοείην

436 735 560 793 160
604 728 954 811 ἀρνύςθην,
999 728 1041 793 ἅ
1083 750 1151 794 τε
1196 731 1417 795 ποςςὶν
1464 729 1685 794 ἀέθλια
1728 728 2007 805 γίγνεται
2052 729 2341 808 ἀνδρῶν,

601 829 770 895 ἀλλὰ
813 833 963 910 περὶ
1005 835 1219 911 ψυχῆς
1264 832 1418 896 θέον
1462 832 1768 910 Ἕκτορος
1811 829 2227 909 ἱπποδάμοιο.

604 932 694 996 ὡς
739 933 794 997 δ’
840 932 935 996 ὅτ’
980 932 1379 1014 ἀεθλοφόροι
1426 935 1569 1009 περὶ
1613 934 1890 1012 τέρματα
1934 933 2223 1012 μώνυχες
2264 932 2456 997 ἵπποι

606 1034 807 1115 ῥίμφα
852 1036 1021 1116 μάλα
1064 1041 1385 1114 τρωχῶςι·
1430 1037 1510 1100 τό
1555 1036 1626 1100 δὲ
1671 1036 1832 1114 μέγα
1876 1038 2076 1099 κεῖται
2119 1034 2387 1116 ἄεθλον,

602 1138 642 1214 ἢ
687 1138 911 1215 τρίπος
953 1137 1029 1215 ἠὲ
1072 1138 1270 1219 γυνή,
1314 1136 1553 1215 ἀνδρὸς
1599 1141 2147 1216 κατατεθνηῶτος·

437 1243 556 1301 165
605 1238 695 1302 ὣς
739 1241 831 1303 τὼ
873 1240 1007 1318 τρὶς
1052 1238 1373 1320 Πριάμοιο
1419 1239 1611 1303 πόλιν
1655 1239 1804 1317 πέρι
1847 1240 2189 1318 δινηθήτην

603 1342 1041 1419 καρπαλίμοιςι
1086 1340 1375 1405 πόδεςςι·
1424 1342 1559 1406 θεοὶ
1606 1341 1662 1405 δ’
1705 1341 1771 1404 ές
1813 1340 2053 1405 πάντες
2098 1339 2373 1419 ὁρῶντο.

601 1444 761 1506 τοῑςι
807 1444 877 1507 δὲ
923 1442 1142 1520 μύθων
1187 1442 1343 1523 ἦρχε
1389 1445 1597 1522 πατὴρ
1641 1441 1902 1521 ἀνδρῶν
1947 1463 2016 1507 τε
2060 1446 2228 1506 θεῶν
2274 1462 2373 1506 τε·

780 1545 834 1606 ὢ
879 1545 1114 1625 πόποι,
1159 1544 1198 1623 ἦ
1244 1545 1439 1625 φίλον
1485 1544 1692 1623 ἄνδρα
1737 1543 2134 1621 διωκόμενον
2180 1543 2323 1621 περὶ
2365 1546 2583 1624 τεῖχος

606 1646 1033 1727 ὀφθαλμοῖςιν
1080 1646 1355 1728 ὁρῶμαι·
1404 1647 1559 1725 ἐμὸν
1607 1648 1662 1710 δ’
1708 1646 2099 1727 ὀλοφύρεται
2145 1645 2305 1725 ἦτορ

439 1755 561 1814 170
604 1749 939 1831 Ἕκτορος,
985 1747 1059 1814 ὅς
1102 1769 1208 1827 μοι
1253 1750 1466 1814 πολλὰ
1511 1754 1689 1830 βοῶν
1737 1748 1842 1813 ἐπὶ
1885 1747 2048 1828 μηρί’
2092 1745 2277 1825 ἔκηεν

602 1852 768 1930 Ἴδης
813 1851 883 1916 ἐν
929 1857 1244 1934 κορυφῇςι
1285 1850 1741 1934 πολυπτύχου,
1788 1850 2021 1915 ἄλλοτε
2068 1850 2124 1914 δ’
2168 1848 2321 1913 αὖτε

606 1954 676 2018 ἐν
722 1953 910 2018 πόλει
953 1953 1300 2034 ἀκροτάτῃ·
1345 1956 1467 2019 νῦν
1512 1952 1667 2019 αὖτέ
1713 1951 1744 2016 ἑ
1788 1954 1926 2016 δῖος
1970 1951 2294 2029 Ἀχιλλεὺς

604 2053 755 2119 ἄςτυ
807 2054 946 2133 πέρι
989 2054 1311 2132 Πριάμοιο
1355 2055 1543 2120 ποςὶν
1589 2055 1870 2134 ταχέεςςι
1916 2055 2146 2119 διώκει.

605 2155 750 2221 ἀλλ’
795 2155 981 2232 ἄγετε
1026 2157 1338 2236 φράζεςθε
1383 2158 1523 2221 θεοὶ
1565 2159 1669 2221 καὶ
1712 2157 2077 2235 μητιάαςθε,

442 2264 560 2323 175
606 2258 681 2335 ἠέ
727 2279 830 2336 μιν
876 2257 945 2321 ἐκ
988 2257 1294 2322 θανάτοιο
1340 2258 1699 2341 ςαώςομεν,
1743 2258 1819 2337 ἦέ
1862 2248 1976 2337 μινΧ
2010 2258 2131 2336 ἤδη

601 2359 886 2443 Πηλείδῃ
932 2359 1168 2438 Ἀχιλῆι
1214 2359 1611 2439 δαμάςςομεν
1658 2360 1883 2425 ἐςθλὸν
1930 2360 2144 2424 ἐόντα.

781 2460 896 2527 τὸν
941 2461 998 2524 δ’
1042 2459 1193 2526 αὖτε
1238 2461 1581 2541 προςέειπε
1626 2462 1743 2527 θεὰ
1785 2463 2152 2538 γλαυκῶπις
2197 2460 2453 2539 Ἀθήνη·

568 2696 635 2752 V.
674 2715 723 2752 1..
800 2702 894 2751 158
929 2661 1196 2753 δίωκενδὲ
1233 2699 1356 2765 μέγ’
1390 2697 1446 2755 L.
1487 2728 1549 2737 —
1592 2704 1688 2752 159
1724 2699 1848 2763 οὐχ’
1883 2698 1926 2750 Ε
1963 2696 2108 2754 Flor.
2144 2696 2307 2750 Rom.
2343 2697 2361 2750 ἱ
2404 2699 2533 2760 ήῖον
2567 2699 2731 2747 Vrat.

434 2766 488 2820 b.
526 2767 574 2821 {c
616 2766 777 2832 ήτιον
812 2765 870 2823 L.
908 2795 970 2805 —
1016 2773 1109 2820 160
1144 2767 1206 2830 ἅ,
1241 2782 1304 2819 τε
1342 2767 1407 2821 A.
1443 2768 1542 2820 ὅτε
1579 2765 1644 2821 D.
1683 2770 1847 2822 ποςὶν
1884 2766 2040 2820 Vrat.
2067 2769 2129 2818 A.
2166 2764 2310 2822 Flor.
2435 2781 2506 2819 m.
2543 2763 2733 2828 γίγνε-

434 2853 526 2889 ται
618 2855 631 2887 ι
668 2835 881 2899 γίνεται
918 2833 1236 2892 ACDEGH.
1275 2864 1336 2873 —
1378 2839 1474 2888 162
1513 2834 1594 2889 ὡς
1629 2837 1691 2889 δέ
1727 2837 1781 2888 τ’
1816 2832 2002 2888 Schol.
2043 2834 2085 2887 Χ
2127 2841 2238 2890 190.
2274 2832 2620 2927 ἀεθλοέἐροι
2657 2831 2730 2884 Η.

434 2936 747 3002 ἀεθλοφόρῖ
772 2935 835 2990 G.
873 2954 1000 3004 περι
1036 2935 1153 2990 AD.
1191 2938 1421 3003 τέρμαςϊ
1453 2934 1493 2990 C
1529 2933 1754 3002 (Medio.
1786 2934 1935 3005 apud
1976 2934 2280 3002 Heynium‚
2316 2952 2485 3003 quem
2522 2934 2730 2987 librum

438 3004 681 3058 eundem
720 3020 841 3057 esse
920 3006 1054 3070 uto).
1099 3035 1155 3042 —
1202 3011 1295 3057 163
1331 3006 1399 3057 τὸ
1439 3006 1507 3070 δὴ
1545 3009 1720 3057 κεῖται
1761 3006 1882 3069 μέγ’
1916 3005 2122 3056 ἄεθλον
2157 3002 2200 3055 L
2234 3003 2295 3056 Li
2340 3020 2381 3055 e.
2419 3005 2510 3069 (τὸ
2534 3004 2636 3057 δὲ).
2664 3037 2726 3045 -

446 3080 545 3126 164
579 3073 814 3139 τρίπους
961 3071 1142 3126 Schol.
1193 3089 1225 3139 p
1272 3077 1388 3124 222.
1448 3075 1922 3136 κατατεθνηῶτος
1967 3070 2060 3123 HS
2108 3070 2266 3125 Cant.
2363 3086 2542 3124 arocc.
2583 3068 2727 3122 Mor.

434 3140 591 3197 Harl.
646 3139 796 3208 Lips.
833 3138 993 3198 Vrat.
1040 3139 1094 3197 b.
1131 3138 1184 3196 d.
1230 3138 1402 3193 Mose.
1439 3147 1486 3193 2.
1533 3139 1704 3195 Parin.
1754 3143 1819 3197 A.
1858 3138 1913 3197 C.
1953 3137 2017 3193 G.
2054 3138 2104 3192 J.
2150 3142 2618 3206 κατατεθνηῶτος
2664 3137 2729 3191 L.

440 3225 923 3331 κατατεθνιέιῶτος
959 3276 1025 3331 A.
1072 3280 1555 3330 κατατεθνειῶτος
1596 3273 1807 3328 CDEG.
1846 3303 1908 3314 ·—
1955 3280 2048 3329 165
2082 3279 2168 3342 τῷ
2206 3272 2270 3329 G.
2318 3280 2466 3341 τρεῖς
2502 3270 2545 3325 L
2578 3271 2729 3356 LipS.

445 3344 677 3397 Tzetzee
703 3342 883 3409 Alleg.
911 3351 991 3397 32.
1030 3344 1155 3409 πέρι
1193 3343 1350 3396 Cant.
1387 3343 1530 3395 Mor.
1568 3342 1724 3395 Harl.
1750 3342 1904 3399 Vrat.
1940 3342 1993 3396 b.
2035 3345 2161 3409 περὶ
2186 3345 2252 3395 A.
2293 3343 2579 3411 περιδινηθ
2621 3357 2734 3408 την

438 3409 735 3466 CDEGHL
771 3410 918 3479 Lips.
959 3409 1092 3464 Ven.
1132 3410 1191 3467 B.
1229 3410 1463 3464 Tzetzes
1501 3410 1679 3478 Alleg.
1710 3417 1793 3464 32.
1830 3440 1894 3449 --
1935 3417 2030 3464 166
2065 3412 2116 3462 δ’
2141 3412 2196 3464 ἒς
2223 3411 2292 3463 Α.
2329 3413 2381 3465 δ’
2415 3412 2471 3464 ἐς
2508 3407 2544 3462 S
2568 3358 2618 3460 θ

436 3481 491 3534 b.
527 3481 593 3532 A.
633 3477 759 3536 Par.
797 3477 855 3532 C.
894 3476 958 3531 G.
1000 3478 1064 3530 K.
1103 3479 1163 3532 δέ
1202 3479 1228 3531 ἑ
1266 3478 1423 3532 Vrat.
1463 3478 1515 3532 d.
1563 3480 1625 3532 δὲ
1661 3479 1887 3542 (omisso
1921 3479 2010 3544 τε)
2046 3476 2213 3531 DHL.
2258 3479 2318 3532 δέ
2355 3493 2419 3532 τε
2455 3476 2547 3532 CG
2585 3475 2726 3530 Ven.

433 3547 496 3602 B.
536 3577 594 3586 —
642 3551 735 3600 168
783 3546 830 3599 ὦ
878 3547 1054 3601 πόποι
1102 3545 1270 3600 ADG.
1318 3550 1444 3615 περὶ
1489 3552 1706 3612 τεῖχοςι
1753 3550 1881 3613 περὶ
1929 3548 2067 3601 ἅςτυ
2114 3546 2279 3599 Plato
2315 3544 2455 3614 Rep.
2492 3544 2588 3609 ΙΙΙ,
2626 3550 2728 3598 388

2622 3413 2728 3465 rat.

436 3614 493 3674 C.
637 3619 732 3669 170
779 3616 871 3668 ἐπι
917 3612 985 3669 D.
1041 3644 1105 3653 -
1162 3620 1255 3668 171
1308 3616 1427 3682 ίδης
1474 3615 1536 3667 ἐν
1587 3621 1841 3680 κνημοῖςι
1886 3613 1950 3671 D.
2008 3620 2297 3682 κορυφοῑςι
2333 3613 2390 3666 L.
2447 3643 2502 3652 —
2565 3617 2661 3664 172
2700 3613 2728 3665 ἑ

434 3683 615 3737 omitt.
655 3683 724 3738 A.
764 3683 988 3748 ἀχϊλεὺς
1035 3681 1091 3736 C.
1138 3689 1345 3750 -·.¹⁷3
1390 3699 1458 3737 πε
1503 3685 1518 3734 ἰ
1565 3680 1876 3735 ACDGHL.
1926 3685 2119 3737 ποςςὶν
2163 3680 2232 3739 D.
2283 3684 2411 3736 ποςί
2454 3679 2612 3733 Vrat.
2658 3681 2728 3733 A.

432 3749 578 3804 Flor.
616 3752 840 3805 διώκειν
865 3750 922 3804 L.
950 3780 1013 3789 -·
1044 3756 1139 3804 174
1175 3751 1302 3805 ἀλλ’
1337 3752 1435 3814 ἄγε
1518 3791 1526 3800 .
1558 3779 1625 3788 -
1664 3755 1758 3804 175
1795 3753 1829 3816 ἢ
1869 3751 1992 3815 ἑμιν
2016 3751 2080 3809 Α,
2105 3778 2170 3788 --
2201 3755 2295 3803 176
2321 3750 2634 3815 δαμάςομεν
2664 3748 2728 3805 D.

434 3849 498 3858 —
540 3824 632 3872 177
670 3820 1002 3886 προςέειπεν
1039 3818 1104 3871 D.

438 3977 529 3984 ω*

573 4058 637 4110 A.
679 4075 725 4113 c.
802 4062 897 4110 158
944 4058 1007 4111 ἐν
1044 4057 1209 4111 ἐνίοις
1245 4057 1306 4110 δὲ
1344 4057 1577 4125 φέρεται
1615 4055 1797 4122 ςτίχος
1835 4056 1949 4110 ὑπὸ
1988 4060 2200 4133 τοῦτον
2238 4056 2475 4121 εὐτελής
2513 4056 2733 4120 ,,φεογ’

435 4126 555 4179 υἱὸς
590 4125 892 4192 Πριάμοιο,
939 4125 1109 4178 δίωκε
1158 4128 1219 4180 δὲ
1271 4127 1388 4179 δῖος
1438 4127 1775 4191 Ἀχιλλεύς“
1822 4125 2275 4178 Aristomene.
2313 4153 2378 4163 -
2430 4126 2527 4177 166
2561 4124 2624 4176 δέ
2658 4140 2728 4177 τε

435 4209 538 4269 pro
574 4192 823 4262 genuina
852 4191 1096 4270 §ectione
1122 4208 1233 4271 pon
1259 4191 1474 4271 habeb,
1513 4193 1649 4281 qqia
1683 4209 1749 4247 τε
1784 4192 2025 4246 inlibris
2060 4191 2389 4269 ωεὶξοτίδυε
2413 4190 2733 4312 (ἲιὲιὲίιῄἰὲιιιὲ

434 4261 868 4394 ἒὲἰθῶἓῖἷῖὶἵι
890 4276 981 4381 έὲἶ
1010 4276 1064 4381 ἑξ
1104 4262 1245 4393 ῗὲῗ
1267 4260 1482 4395 ιῖἓὲὲῖθ
1505 4261 2232 4397 22estz’1051222f?⁶2²²4¹.²¹²3†
2309 4270 2431 4382 ⁰33¹?
2458 4331 2491 4381 θ
2528 4299 2646 4379 ὲιι.
