3144 5006
1179 439 1499 494 ιΛιΑΔος
1552 437 1725 492 xxn.
2353 514 2368 525 .
2474 438 2598 502 301

481 597 700 676 νήπιε·
747 598 890 659 τοῖο
936 596 992 659 δ’
1036 594 1306 658 ἄνευθεν
1352 591 1664 671 ἀοςςητὴρ
1711 593 1847 671 μέγ’
1891 592 2171 669 ἀμείνων

489 698 708 775 νηυςὶν
751 697 856 761 ἔπι
901 698 1302 779 γλαφυρῇςιν
1347 695 1477 770 ἐγὼ
1525 692 1862 774 μετόπιςθε
1909 695 2275 777 λελείμμην,
2363 734 2380 741 -

321 804 444 861 335
491 797 564 862 ὅς
608 820 708 863 τοι
752 798 1016 874 γούνατ’
1062 797 1269 862 ἔλυςα.
1360 798 1425 861 ςὲ
1469 798 1585 875 μὲν
1629 796 1815 861 κύνες
1859 796 1960 875 ἠδ’
2005 794 2231 861 οἰωνοὶ

488 900 808 978 ἑλκήςους’
852 898 1076 980 ἀικῶς,
1120 899 1238 964 τὸν
1284 899 1356 963 δὲ
1399 902 1748 977 κτεριοῦςιν
1791 896 2052 977 Ἀχαιοί.

660 1002 778 1066 τὸν
824 1001 881 1066 δ’
924 999 1410 1080 ὀλιγοδρανέων
1455 998 1751 1077 προςέφη
1797 999 2221 1077 κορυθαίολος
2265 1001 2537 1078 Ἕκτωρ·

486 1104 721 1185 λίςςομ’
765 1103 927 1181 ὑπὲρ
971 1105 1184 1219 ψυχῆς
1227 1103 1331 1166 καὶ
1374 1102 1633 1176 γούνων
1680 1105 1807 1166 ςῶν
1853 1121 1922 1164 τε
1965 1101 2253 1181 τοκήων,

493 1182 573 1286 μή
619 1226 694 1284 με
740 1190 816 1270 ἔά
859 1204 1037 1283 παρὰ
1079 1205 1261 1282 νηυςὶ
1304 1178 1500 1269 κύνας
1542 1172 1907 1282 κᾶταδᾶψαι
1953 1186 2253 1281 Ἀχοίιῶν,

322 1314 448 1371 340
495 1309 661 1373 ἀλλὰ
707 1307 779 1372 ςὺ
825 1308 939 1385 μὲν
984 1306 1224 1384 χαλκόν
1270 1325 1341 1369 τε
1386 1305 1523 1370 ἅλις
1567 1304 1804 1383 χρυςόν
1848 1325 1918 1369 τε
1961 1305 2184 1370 δέδεξο

487 1413 698 1491 δῶρα,
744 1409 823 1473 τά
866 1429 966 1473 τοι
1011 1408 1282 1471 δώςουςι
1326 1408 1536 1485 πατὴρ
1583 1408 1686 1471 καὶ
1727 1407 1961 1472 πότνια
2004 1408 2238 1491 μήτηρ,

488 1517 664 1591 ςῶμα
707 1512 780 1575 δὲ
825 1509 1029 1574 οἴκαδ’
1073 1509 1226 1587 ἐμὸν
1274 1509 1536 1588 δόμεναι
1579 1508 1806 1592 πάλιν,
1853 1506 2031 1589 ὄφρα
2074 1510 2279 1588 πυρόε
2323 1529 2399 1589 με

487 1588 704 1692 Τρῶες
749 1588 847 1677 κᾶὶ
891 1584 1136 1691 Τρώίυν
1183 1588 1414 1690 ἄλοχοῖ
1460 1588 1772 1689 λελάχώςι
1817 1580 2114 1675 θανόντα.

664 1716 781 1779 τὸν
812 1716 868 1778 δ’
899 1712 1001 1792 ἄρ’
1031 1713 1284 1790 ὑπόδρα
1309 1712 1464 1777 ἰδὼν
1495 1712 2022 1803 προςέφηύπόδας
2052 1712 2219 1778 ὠκὺς
2249 1712 2604 1793 Ἀχιλλεύς·

323 1822 445 1879 345
492 1816 574 1896 μή
620 1836 695 1896 με
738 1817 897 1881 κύον
942 1816 1204 1891 γούνων
1250 1813 1567 1890 γουνάζεο
1614 1814 1770 1892 μηδὲ
1813 1816 2100 1891 τοκήων·

487 1917 556 1981 αἶ
598 1917 722 1996 γάρ
767 1937 908 1982 πως
953 1916 1156 1982 αὐτόν
1202 1936 1276 1995 με
1321 1916 1512 1995 μένος
1556 1917 1661 1980 καὶ
1703 1914 1902 1994 θυμὸς
1946 1914 2125 1996 ἀνείη

489 2016 608 2098 ὤμ’
652 2018 1186 2099 ἀποταμνόμενον
1232 2003 1387 2097 κρέα
1429 2017 1717 2097 ἔδμεναι,
1762 2015 1870 2082 οἶά
1911 2019 1970 2095 μ’
2016 2018 2280 2096 ἔοργας·

488 2120 579 2184 ὣς
625 2120 742 2185 οὐκ
786 2119 911 2185 ἔςθ’
956 2120 1030 2185 ὃς
1076 2124 1183 2198 ςής
1228 2140 1301 2196 γε
1344 2120 1540 2183 κύνας
1585 2121 1867 2198 κεφαλῆς
1911 2118 2303 2201 ἀπαλάλκοι,

493 2223 632 2287 οὐδ’
676 2222 736 2287 εἴ
777 2243 886 2286 κεν
933 2221 1180 2286 δεκάκις
1222 2240 1290 2285 τε
1336 2221 1435 2285 καὶ
1478 2220 1873 2300 εἰκοςινήριτ’
1917 2219 2157 2286 ἄποινα

319 2330 444 2388 350
487 2324 742 2402 ςτήςως’
786 2324 999 2390 ἐνθάδ’
1044 2322 1345 2405 ἄγοντες,
1395 2321 1803 2401 ὑπόςχωνται
1846 2322 1919 2386 δὲ
1961 2323 2063 2386 καὶ
2106 2322 2305 2389 ἄλλα·

454 2526 522 2580 V.
560 2546 592 2578 L
676 2534 775 2581 333
812 2527 1086 2605 ἀοςςοτὴρ
1122 2527 1187 2579 Η.
1225 2555 1287 2563 -
1327 2531 1428 2579 331,
1483 2526 1576 2579 ἐπὶ
1613 2523 1933 2580 ACDGHL.
1980 2527 2103 2591 μετ’
2138 2527 2332 2581 ὅπιςθε
2367 2525 2434 2579 Η.
2483 2543 2606 2591 μετ-

319 2596 549 2648 όπιςθεν
585 2593 645 2648 Ε.
700 2596 964 2661 λελείμην
1011 2594 1156 2664 L1p8.
1192 2623 1257 2632 —
1294 2600 1394 2647 335
1439 2594 1644 2649 ΩΕΤΟΙ
1683 2591 1803 2661 Syr.
1856 2609 1914 2647 ςε
1951 2596 2013 2652 Α.
2067 2624 2132 2633 -
2186 2600 2285 2649 336
2322 2595 2607 2648 ἑλκύςους’

322 2660 456 2715 CHS
493 2661 632 2715 Mor.
670 2661 894 2716 Barocc.
932 2662 1088 2716 v1at.
1125 2662 1190 2718 A.
1234 2664 1359 2714 octo
1396 2660 1598 2717 Panse.
1636 2663 1840 2715 ἀεικῶς
1884 2660 1985 2714 ΕΗ
2032 2660 2150 2729 Syr.
2197 2660 2406 2716 Barocc
2463 2661 2603 2720 Mor.

320 2728 478 2784 Vrat.
519 2729 567 2782 d.
609 2732 674 2786 A.
709 2731 779 2783 τὸ
814 2732 1017 2784 ἀεικῶς
1040 2731 1291 2783 ἐνταῦθα
1316 2731 1549 2796 φέρεται
1574 2731 1663 2783 διὰ
1700 2731 1878 2794 μόνου
1904 2734 2008 2783 τοῦ
2043 2733 2079 2784 ἶ
2116 2733 2259 2785 κατὰ
2285 2734 2392 2797 τήν
2429 2747 2607 2797 παρα-

324 2799 604 2864 λήγουςαν
639 2801 701 2852 ἔν
737 2816 876 2852 τιςιν
911 2800 1273 2865 ἀντιγράφοις
1312 2796 1464 2849 Euat.
1505 2803 1655 2864 1172,
1692 2803 1774 2850 25.
1817 2802 2139 2863 κτερεοῦςιν
2163 2796 2221 2856 L,
2261 2828 2312 2836 -—
2358 2804 2456 2852 337
2495 2800 2605 2852 ὀλι-

318 2868 646 2932 γοδρανέων
681 2867 746 2919 A.
782 2868 1147 2934 κορυθαιόλος
1185 2864 1231 2917 D
1268 2864 1411 2919 Flor.
1437 2863 1597 2917 Rom.
1624 2895 1690 2905 --
1726 2871 1826 2919 339
1864 2869 1938 2930 μή
1977 2866 2033 2931 μ’
2068 2865 2109 2920 C
2144 2864 2320 2920 Paris.
2358 2865 2417 2922 C.
2454 2884 2607 2933 παρα

321 2931 640 3033 Εἴιχαιῶν
676 2968 855 3024 omitt.
893 2966 962 3025 Η.
1008 3002 1071 3011 -
1116 2972 1216 3020 340
1240 2966 1791 3045 ,xpsscoflretxmc
1837 2966 2211 3021 ΧΑΛκοΝτε
2249 2966 2368 3036 Syr.
2422 2984 2484 3021 τε
2522 2970 2607 3021 δέ-

358 3040 508 3089 εςθαι
545 3035 615 3088 Η.
649 3070 713 3079 -
751 3042 843 3089 341
885 3037 957 3089 τά
995 3051 1077 3090 cot
1113 3034 1156 3087 L
1191 3032 1335 3102 Llps.
1374 3034 1546 3088 Pane.
1587 3036 1648 3091 A.
1687 3033 1749 3087 B.
1777 3064 1831 3073 —
1875 3042 1974 3088 343
2010 3039 2212 3101 τρῶιες
2249 3039 2338 3088 καὶ
2375 3041 2605 3101 τριυιων

369 3102 429 3159 1..
468 3133 530 3141 —-
568 3109 668 3157 344
703 3106 809 3157 τὸν
845 3105 906 3157 δὲ
941 3107 1033 3158 καὶ
1069 3104 1292 3169 ὑπόδρα
1328 3102 1394 3155 Η.
1441 3103 1510 3169 ἂρ
1548 3100 1809 3159 ACDGL.
1856 3104 1917 3156 ἐν
1953 3104 2111 3167 ἄλλῳ
2150 3105 2255 3156 τὸν
2291 3105 2342 3157 δ’
2376 3105 2606 3170 ἀπαμει·

328 3175 566 3238 βόμενος
605 3175 667 3227 Α.
704 3172 929 3237 ἀχῖλεύς
966 3170 1023 3228 C.
1062 3202 1123 3210 —
1161 3177 1261 3224 345
1298 3171 1453 3223 κύων
1497 3169 1546 3222 D
1585 3168 1724 3222 Mor.
1769 3169 1995 3226 Barocc.
2035 3169 2192 3224 Vrat.
2241 3171 2297 3224 d.
2336 3171 2490 3228 Leid.
2531 3174 2603 3235 μὴ

325 3240 386 3293 δὲ
422 3237 679 3298 ACDHL.
718 3244 792 3307 μή
829 3243 890 3294 δε
932 3239 1067 3292 Ven.
1106 3237 1167 3290 Β.
1211 3268 1269 3276 -
1307 3244 1406 3291 346
1441 3239 1549 3306 γὰρ
1586 3245 1728 3305 (acc.
1768 3244 1815 3291 2.
1840 3242 2011 3302 man.)
2049 3244 2175 3293 πῶς
2213 3238 2278 3293 D.
2315 3241 2473 3307 ἀνείη
2513 3238 2605 3294 CD

322 3340 519 3395 EGHL
558 3340 705 3410 Lips.
742 3342 955 3401 TownL
1001 3321 1227 3397 ΑΝΕῙΗΙ
1267 3340 1389 3410 Syr.
1434 3342 1603 3409 ἀνήηι
1647 3341 1716 3396 A.
1760 3342 1909 3409 ἀνήη
1954 3340 2109 3399 Harl.
2156 3340 2323 3396 Mose.
2363 3349 2412 3396 2.
2447 3342 2606 3402 Vrat.

325 3412 391 3463 A.
428 3410 604 3463 Paris.
642 3409 699 3467 F,
739 3410 789 3463 J.
827 3428 916 3477 γρ.
953 3414 1043 3463 καὶ
1079 3413 1167 3465 διὰ
1203 3414 1303 3463 τοῦ
1341 3414 1377 3477 ἦ
1413 3408 1565 3465 Eust.
1607 3416 1756 3474 1273,
1796 3416 1877 3463 28.
1916 3439 1977 3449 —-
2016 3416 2114 3463 347
2153 3411 2262 3475 ὡμ’
2296 3410 2339 3464 Ε
2367 3410 2520 3464 Vrat.
2551 3413 2606 3470 b.

321 3478 371 3530 d.
408 3478 580 3532 Mose.
620 3485 668 3534 2.
708 3478 869 3532 Rom.
906 3480 1372 3543 ἀποτεμνόμενον
1408 3477 1456 3529 D
1493 3475 1633 3533 Mor.
1682 3475 1909 3531 Barocc.
1952 3478 2096 3545 Lips,
2147 3480 2278 3534 δςςα
2315 3482 2373 3544 μ’
2406 3480 2606 3546 ἔοργας

318 3545 373 3598 Η
407 3544 566 3600 Vrat.
604 3546 657 3602 d.
704 3576 769 3585 -
822 3553 921 3600 348
969 3551 1047 3600 ὼς
1086 3545 1178 3600 CD
1219 3555 1261 3598 1.
1298 3562 1446 3598 man.
1488 3545 1588 3597 Es,
1639 3575 1700 3584 —-
1747 3553 1846 3599 349
1892 3546 2246 3612 εἰκοςινήριτ’
2280 3548 2344 3599 A.
2398 3578 2455 3587 -
2505 3556 2605 3603 350

324 3617 584 3681 ςτήςοντ’
620 3613 790 3672 Paris.
825 3613 884 3674 F,
921 3615 1264 3681 ὑπόςχονται
1300 3612 1344 3666 Ε
1380 3587 1616 3667 Βατοεί.
1645 3611 1800 3666 Vrat.
1837 3615 1903 3672 A.
2017 3614 2143 3651 *d

454 3787 518 3839 A.
555 3803 600 3843 c.
673 3791 773 3839 336
809 3787 863 3839 οἱ
900 3786 1029 3851 περὶ
1058 3785 1392 3851 Ἀντίμαχον
1416 3785 1505 3838 ἐπὶ
1530 3783 1600 3835 τὸ
1635 3784 2077 3851 γνωριμώτερον
2104 3786 2393 3852 ἑλκήςουςι
2418 3791 2604 3839 κακῶς

320 3852 668 3922 Didymus,
725 3885 785 3893 ——
841 3859 941 3907 339
989 3852 1059 3906 de
1105 3854 1263 3906 hiatu
1310 3854 1383 3918 μή
1432 3868 1497 3915 με
1545 3853 1637 3914 ἔα,
1691 3851 1790 3920 qui
1833 3851 2052 3918 Heynio
2089 3852 2324 3906 vitiosus
2361 3852 2602 3918 videtur,

323 3919 468 3974 conf.
504 3922 541 3975 Ρ
584 3927 645 3974 16
679 3926 764 3975 τῶ
804 3938 870 3985 με
907 3923 983 3975 ἔα.
1027 3922 1066 3975 Β
1110 3927 1220 3976 165.
1269 3925 1359 3973 181
1401 3923 1475 3986 μὴ
1515 3921 1577 3973 δὲ
1620 3922 1705 3975 ἔα.
1745 3921 1790 3975 Θ
1826 3925 1928 3973 428
1965 3925 2072 3974 νῶϊ
2107 3924 2203 3975 ἐῶ.
2242 3920 2308 3989 [Ψ
2335 3928 2398 3975 73
2435 3937 2607 3975 ποτα-

324 3995 449 4053 μοῖο
487 3989 666 4042 ἐῶςιν.
703 3992 734 4043 δ
779 3995 878 4044 805
915 3990 1044 4043 οὐδὲ
1079 3990 1221 4045 ἐῶςι.
1267 4008 1297 4044 κ
1345 3993 1443 4058 536
1490 3990 1632 4056 μηδὲ
1676 3990 1791 4044 ἐᾶν.
1841 3991 1867 4043 ξ
1913 3995 2013 4040 420
2058 3993 2240 4043 ξεῖνον
2286 3991 2347 4043 δὲ
2382 3989 2604 4059 ἐῶμεν]

325 4057 368 4109 Α
407 4061 505 4109 533
548 4056 690 4110 Ζεὺς
725 4060 786 4111 δὲ
824 4058 972 4115 ἑΡὸν,
1013 4059 1025 4112 Ι
1063 4063 1163 4110 319
1199 4058 1357 4111 ἑνδὲ
1393 4057 1466 4125 ἰῇ.
1507 4060 1519 4112 Ι
1560 4063 1676 4110 420.
1717 4062 1813 4110 687
1853 4062 2009 4122 χεῖρα
2045 4057 2197 4123 ἑΡὴν.
2233 4058 2278 4110 Τ
2319 4063 2416 4110 194
2450 4059 2608 4124 δῶρα

325 4125 475 4189 ἐμῆς.
523 4127 571 4177 Φ
612 4131 709 4178 569
746 4127 808 4178 ἑν
844 4127 904 4179 δὲ
936 4125 1011 4179 ἴα.
1060 4125 1107 4180 Ψ
1142 4131 1243 4179 278
1278 4126 1449 4192 πατρὶ
1492 4128 1629 4192 ἐμῷ.
1675 4124 1720 4177 Ω
1754 4131 1853 4178 335
1889 4125 2049 4192 ἀνδρὶ
2095 4125 2402 4192 ἑταιρίςςαι.
2439 4129 2472 4179 θ
2508 4131 2609 4178 524

324 4193 386 4244 ὅς
422 4207 485 4244 τε
523 4193 669 4256 ἑΓῆς.
704 4210 738 4243 ν
779 4199 873 4247 133
910 4195 1095 4258 πάγχυ
1132 4195 1269 4250 ἐπεὶ.
1309 4197 1336 4247 ξ
1372 4200 1438 4247 69
1475 4197 1694 4261 πρόχνυ
1732 4193 1872 4249 ἐπεὶ.
1897 4222 1959 4230 -
1998 4199 2099 4245 348
2137 4194 2493 4259 Ἀρίςταρχος
2530 4195 2609 4246 ὡς

326 4251 1591 4393 3¹:⁹5.“0223‘'‘152233322252‘11333523?
1637 4260 2498 4397 “⁹⁶34‘90fi53‘⁰.1{{‚‘.².5¹x..22¹023
2529 4263 2609 4383 Ἓξ

323 4396 724 4461 ἀναγνωςτέον
761 4395 939 4451 Schol.
978 4397 1038 4452 B.
