3144 5006
453 398 570 464 118
1365 397 1696 452 ΙΛΙΑΔΟΕ
1747 396 1813 451 Δ.

447 558 571 617 520
615 553 896 631 Πείροος
943 552 1354 632 Ἰμβραςίδης,
1398 552 1470 616 ὃς
1515 549 1626 629 ἄρ’
1667 548 1933 614 Αἰνόθεν
1979 549 2360 628 εἰληλούθει·

616 654 970 735 ἀμφοτέρω
1015 656 1087 719 δὲ
1131 655 1390 718 τένοντε
1437 654 1538 716 καὶ
1582 651 1771 716 ὀςτὲα
1817 652 1974 716 λᾶας
2016 650 2282 727 ἀναιδὴς

625 755 807 835 ἄχρις
854 756 1270 835 ἀπηλοίηςεν·
1316 756 1351 819 ὃ
1399 754 1463 818 δ’
1509 753 1732 818 ὕπτιος
1776 752 1847 817 ἐν
1892 752 2132 835 κονίῃςι

617 858 935 922 κάππεςεν
980 856 1174 936 ἄμφω
1219 859 1393 935 χεῖρε
1439 854 1654 933 φίλοις
1697 852 1970 933 ἑτάροιςι
2006 854 2354 929 πετάςςας,

619 959 820 1037 θυμὸν
866 959 1255 1023 ἀποπνείων.
1347 957 1383 1020 ὃ
1432 956 1499 1020 δ’
1544 955 1932 1036 ἐπέδραμεν,
1979 956 2052 1020 ὅς
2098 956 2164 1034 ῥ’
2209 957 2438 1035 ἔβαλέν
2485 978 2636 1036 περ,

452 1066 575 1124 525
621 1061 926 1140 Πείροος·
972 1060 1134 1123 οὖτα
1178 1061 1248 1124 δὲ
1294 1059 1479 1139 δουρὶ
1522 1059 1681 1136 παρ’
1733 1058 2064 1138 ὀμφαλόν·
2111 1058 2181 1122 ἐκ
2227 1058 2291 1121 δ’
2335 1058 2461 1137 ἄρα
2504 1062 2693 1123 πᾶςαι

620 1162 817 1239 χύντο
862 1163 1066 1241 χαμαὶ
1108 1162 1418 1239 χολάδες,
1456 1161 1572 1224 τὸν
1619 1160 1690 1223 δὲ
1736 1159 1957 1224 ςκότος
2003 1157 2144 1224 ὄςςε
2188 1159 2454 1239 κάλυψε.

788 1264 903 1327 τὸν
950 1264 1019 1327 δὲ
1065 1262 1239 1327 Θόας
1283 1261 1563 1327 Αἰτωλὸς
1609 1260 2046 1340 ἀπεςςύμενον
2094 1260 2245 1339 βάλε
2290 1263 2472 1340 δουρὶ

624 1365 887 1443 ςτὲρνον
932 1365 1095 1443 ὑπὲρ
1138 1367 1399 1445 μαζοῖο,
1448 1362 1620 1440 πάγη
1665 1362 1731 1426 δ’
1775 1362 1847 1426 ἐν
1891 1361 2201 1440 πνεύμονι
2247 1364 2501 1442 χαλκός.

621 1466 973 1546 ἀγχίμολον
1019 1466 1090 1530 δέ
1137 1464 1201 1530 οἱ
1245 1465 1398 1544 ἦλθε
1444 1465 1647 1545 Θόας,
1694 1463 1764 1528 ἐκ
1806 1464 1873 1526 δ’
1917 1462 2184 1543 ὄβριμον
2231 1464 2421 1542 ἔγχος

455 1575 579 1632 530
620 1568 936 1633 ἑςπάςατο
981 1567 1303 1648 ςτέρνοιο,
1349 1567 1654 1645 ἐρύςςατο
1702 1567 1771 1629 δὲ
1817 1566 2003 1646 ξίφος
2049 1566 2192 1641 ὀξύ,

603 1675 712 1752 τῷ
758 1668 795 1733 ὅ
840 1690 913 1745 γε
958 1668 1230 1747 γαςτὲρα
1273 1667 1438 1746 τύψε
1484 1669 1708 1747 με’ςην,
1755 1666 1825 1731 ἐκ
1869 1667 1937 1730 δ’
1981 1666 2206 1733 αἴνυτο
2253 1668 2470 1746 Θυμόν.

625 1770 853 1849 τεύχεα
899 1770 965 1835 δ’
1011 1769 1128 1834 οὐκ
1173 1768 1476 1834 ἀπέδυςε·
1526 1768 1899 1847 περίςτηςαν
1944 1771 2067 1847 γὰρ
2113 1768 2367 1848 ἑταῖροι,

627 1872 890 1951 Θρήικες
935 1871 1282 1950 ἀκρόκομοι
1330 1872 1544 1950 δολίχ’
1590 1870 1782 1949 ἔγχεα
1827 1870 2034 1950 χερςὶν
2082 1871 2373 1951 ἔχοντες,

626 1972 690 2037 οἵ
733 1972 764 2036 ἑ
809 1974 1005 2050 μέγαν
1050 1993 1171 2051 περ
1217 1973 1409 2038 ἐόντα
1454 1974 1556 2038 καὶ
1598 1971 1863 2051 ἴφθιμον
1909 1974 2010 2036 καὶ
2053 1972 2301 2047 ἀγαυὸν

457 2081 577 2137 535
625 2074 797 2140 ὦςαν
843 2075 973 2139 ἀπὸ
1021 2075 1292 2154 ςφείων·
1343 2076 1378 2138 ὃ
1426 2076 1495 2138 δὲ
1540 2074 1930 2153 χαςςάμενος
1977 2075 2334 2153 πελεμίχθη.

626 2176 713 2240 ὣς
757 2177 848 2240 τώ
895 2177 964 2251 γ’
1010 2176 1079 2239 ἐν
1126 2176 1364 2258 κονίῃςι
1409 2176 1568 2254 παρ’
1615 2175 1945 2253 ἀλλήλοιςι
1988 2176 2326 2256 τετάςθην,

626 2276 664 2353 ἦ
709 2298 807 2341 τοι
855 2278 891 2341 ὃ
939 2279 1052 2355 μὲν
1101 2277 1399 2361 Θρῃκῶν,
1448 2278 1485 2341 ὃ
1531 2278 1601 2341 b’
1648 2277 1912 2341 Ἐπειῶν
1958 2280 2484 2356 χαλκοχιτώνων,

625 2378 960 2456 ἡγεμόνες·
1005 2379 1239 2443 πολλοὶ
1286 2380 1355 2443 δὲ
1399 2378 1875 2456 περικτείνοντο
1918 2380 2020 2443 καὶ
2063 2379 2264 2443 ἄλλοι.

795 2479 952 2544 ἔνθά
996 2500 1104 2544 κεν
1150 2479 1364 2544 οὐκέτι
1411 2480 1607 2557 ἔργον
1654 2478 1819 2559 ἀνὴρ
1865 2479 2163 2545 ὀνόςαιτο
2209 2482 2557 2560 μετελθών,

459 2586 583 2644 540
629 2581 702 2645 ὅς
746 2601 836 2644 τις
884 2580 983 2645 ἔτ’
1029 2581 1303 2661 ἄβλητος
1351 2583 1452 2645 καὶ
1495 2582 1853 2647 ἀνούτατος
1898 2581 2027 2648 ὀξέι
2073 2586 2286 2667 χαλκῷ

591 2799 660 2854 V.
699 2819 746 2853 L.
810 2808 910 2855 520
967 2802 1178 2869 πείρως
1233 2799 1693 2856 ACDGHLMOS.
1768 2804 1922 2869 ἥρως
1969 2801 2167 2856 Strabo
2214 2799 2344 2869 VII,
2391 2810 2503 2858 351.
2565 2806 2626 2858 ὃς
2673 2805 2743 2871 ἂρ

457 2866 736 2924 ADGMO.
775 2871 835 2924 6c
873 2871 924 2937 ῥ’
961 2868 1068 2922 NS.
1112 2899 1168 2908 —
1199 2875 1296 2923 521
1335 2871 1472 2924 λάας
1509 2868 1725 2923 CDGH.
1765 2900 1825 2910 —
1864 2863 1962 2924 522
1999 2870 2378 2938 ἀπηλλοίηςεν
2416 2870 2457 2924 C
2499 2870 2647 2928 Vrat.
2688 2889 2737 2927 a.
2848 2920 2867 2929 -

453 2937 848 3005 ἀπηλλοίωςεν
893 2937 944 2991 H
986 2943 1028 2994 1.
1064 2953 1215 2990 man.
1262 2936 1323 2990 L.
1369 2938 1765 3006 drmsskotwcev
1813 2936 1864 2990 H
1907 2939 2037 3006 post
2080 2954 2182 2991 rae.
2240 2941 2324 2991 ὅδ’
2371 2938 2743 2994 CDGLMNO.

461 3006 582 3060 κονί
623 3022 671 3059 ςι
705 3003 1132 3060 ACDEGHMO.
1173 3041 1237 3048 —
1282 3010 1381 3057 522
1419 3007 1664 3060 πετάςας
1701 3004 1922 3060 ΒΕΜΟ.
1963 3036 2025 3044 -
2069 3012 2170 3060 524
2205 3007 2287 3059 ὅδ’
2322 3005 2741 3061 CDGHLMNO.

457 3073 587 3139 ἐβαλ
623 3090 656 3125 ν
693 3089 784 3138 μιν
821 3071 913 3125 NS
959 3072 1116 3126 Cant.
1163 3074 1362 3192 ἐὲὶαλεν
1400 3075 1493 3137 μὶν
1530 3072 1595 3126 G.
1647 3102 1707 3111 —-
1754 3079 1853 3158 525
1898 3073 2108 3140 πείρως
2144 3071 2551 3165 ΑΟΒΘῚΗΙςΜΒ.
2602 3077 2745 3129 οὔτα

457 3135 734 3264 ssffffi.
761 3139 1197 3274 δέξέῖιῑῑψῖ.
1233 3138 1858 3262 &3³1⁷-
1889 3141 2219 3262 ‘mazze
2248 3140 2745 3275 Quen-‘aza

458 3274 612 3328 GMO
653 3274 866 3328 Townl.
902 3273 1068 3328 Mose.
1095 3281 1151 3328 3:
1191 3275 1365 3350 cetcn
1400 3277 1794 3341 ἑπεςςύμενον.
1828 3306 1885 3312 —-
1912 3281 2011 3330 528
2048 3279 2191 3344 ὑπερ
2218 3276 2284 3329 D.
2321 3277 2436 3332 ὑπὸ
2459 3275 2534 3332 Μ.
2574 3280 2744 3331 πνεύ-

458 3358 609 3406 μονιε
648 3345 917 3407 πλεύμονι
943 3341 1105 3400 Photz.
1143 3339 1273 3396 Lex.
1312 3348 1428 3396 320.
1452 3372 1515 3381 -
1543 3349 1641 3396 529
1679 3345 1909 3410 ὄβριμον
1945 3343 2038 3397 AC
2076 3346 2205 3412 post·
2238 3360 2341 3398 ras.
2382 3339 2577 3398 DhNO
2615 3348 2748 3414 post.

461 3427 592 3463 ras:
642 3411 913 3477 ὄμβριμον
953 3410 993 3464 Ο
1044 3416 1086 3464 l.
1125 3426 1270 3463 man.
1310 3408 1520 3463 GHMO
1572 3417 1616 3464 1.
1653 3427 1800 3464 man.
1848 3441 1914 3450 -——
1959 3418 2058 3466 530
2103 3413 2335 3479 ἐρύςατο
2379 3410 2496 3466 DO.
2542 3441 2607 3451 —-
2644 3421 2739 3467 531

457 3479 624 3531 ἔνυτο
660 3476 726 3533 D.
780 3508 847 3517 —
899 3481 996 3532 532
1034 3482 1369 3545 περιςτῆςαν
1405 3477 1473 3533 D.
1527 3510 1592 3519 —
1647 3484 1746 3533 533
1792 3479 2094 3546 ἀκρόκομοι
2131 3482 2197 3534 A.
2252 3510 2318 3519 —-
2370 3484 2469 3535 535
2514 3477 2744 3538 dno-M.

458 3579 642 3645 ςφίων
678 3577 746 3637 G.
791 3579 824 3632 ὃ
861 3580 920 3632 δὲ
957 3577 1016 3635 C.
1072 3580 1378 3645 χαςάμενος
1415 3578 1575 3632 DGN
1611 3579 1759 3650 Lips.
1810 3551 2050 3647 πολῖιῖίχ
2159 3580 2268 3635 GL.
2318 3612 2379 3621 ——
2426 3586 2526 3637 536
2563 3583 2642 3636 ώς
2679 3582 2742 3634 Α.

460 3649 538 3701 ὣς
576 3647 689 3711 οἵγ’
724 3644 789 3700 G.
843 3647 1130 3714 πετάςθην
1165 3646 1233 3699 D.
1287 3677 1338 3686 -
1390 3653 1487 3701 537
1526 3649 1558 3702 ὃ
1596 3650 1698 3714 μὲν
1734 3649 1802 3702 N.
1849 3651 1933 3704 ὅδ’
1969 3648 2059 3703 CD
2127 3649 2193 3706 N.
2238 3686 2302 3695 —
2339 3653 2438 3704 538
2473 3666 2545 3703 πε
2582 3650 2743 3704 uere(-

457 3732 629 3771 νοντο
665 3713 997 3780 CDGMNO‚
1035 3715 1176 3769 conf.
1214 3717 1272 3769 Μ
1308 3721 1425 3780 245,
1464 3720 1495 3768 λ
1533 3723 1647 3769 412.
1688 3746 1755 3772 -ι
1788 3724 1886 3772 539
1921 3718 2056 3771 ἔνθά
2093 3734 2191 3772 κεν
2227 3715 2482 3772 CDHMO
2568 3717 2603 3769 t.
2633 3716 2685 3770 M
2730 3759 2739 3769 .

459 3789 573 3850 370,
611 3788 659 3837 8.
697 3783 887 3837 οὐκέτι
924 3781 1372 3837 CDGHLMNOS
1423 3781 1506 3836 Et.
1542 3783 1658 3854 Mg.
1705 3791 1829 3850 370,
1865 3790 1914 3839 8.
1960 3784 2045 3839 Et.
2085 3785 2227 3842 Gud.
2266 3791 2393 3851 429,
2429 3791 2512 3838 53.
2560 3735 2742 3838 86110ίῖ.

461 3851 630 3921 Soph.
667 3850 865 3906 Trach.
904 3857 986 3905 21.
1028 3852 1133 3905 οὐκ
1170 3852 1250 3904 ἔτι
1287 3849 1347 3903 Ε.
1382 3853 1469 3917 οὔ,
1508 3853 1622 3906 κέτι
1648 3855 1722 3905 ·Α.
1759 3854 1808 3907 δ’
1843 3855 2010 3920 ἔργον
2047 3852 2110 3906 0.
2148 3856 2379 3908 ὄνόςετο
2416 3852 2484 3905 N.

595 4053 658 4106 A.
705 4072 751 4107 c.
822 4061 918 4110 527
973 4055 1303 4122 ἀρίςταρχος
1355 4055 1444 4108 διὰ
1497 4061 1600 4108 τοῦ
1648 4062 1693 4108 ἃ
1744 4057 2125 4119 ἀπεςςύμενον
2180 4055 2533 4124 Didymus,
2594 4057 2740 4114 conf.

464 4124 505 4175 Ν
544 4126 670 4186 516,
708 4129 832 4189 567,
869 4129 994 4186 650,
1043 4125 1091 4178 Ξ
1123 4130 1248 4187 409,
1288 4127 1402 4175 461.
1442 4153 1502 4161 —
1548 4129 1648 4178 535
1685 4123 1829 4177 conf.
1868 4122 2241 4177 Aristonicum
2288 4123 2361 4177 ad
2400 4123 2441 4176 Ν
2486 4130 2608 4189 148,
2644 4125 2743 4178 ubi

461 4187 777 4242 zenodotus
823 4192 855 4244 ὃ
891 4192 951 4244 δὲ
988 4193 1225 4256 χάςςατο
1263 4192 1480 4244 πολλὸν
1527 4191 1737 4245 ὀπίςςω
1783 4190 2019 4259 scripsit.
2070 4222 2116 4229 —
2155 4199 2253 4246 538
2299 4192 2742 4259 περικτείνοντο,

462 4255 602 4307 oonf.
639 4255 708 4309 H.
744 4257 806 4308 Τ.
842 4264 956 4311 340.
981 4288 1048 4297 -
1071 4265 1171 4312 589
1205 4259 1396 4313 οὐκέτι
1431 4256 1786 4312 Ptolemaeus
1822 4258 2165 4312 Ascalonita:
2200 4261 2267 4314 οὔ
2305 4261 2371 4313 κέ
2405 4277 2458 4312 τι
2497 4259 2733 4312 Aristar·

461 4320 595 4372 chus
621 4325 681 4389 (ἡ
718 4325 887 4390 διπλῆ
928 4327 1014 4378 ὅτι
1050 4328 1302 4393 περιςςός
1341 4329 1372 4378 ό
1412 4327 1506 4379 κέν
1530 4321 2005 4394 Aristonicus),
2032 4326 2161 4380 vide
2189 4327 2428 4382 Ariston.
2455 4327 2526 4381 ad
2555 4330 2597 4382 Ν
2629 4334 2744 4383 127.
