3144 5006
479 343 606 408 298
1398 341 1727 396 ιΛιΑΔος
1776 342 1833 396 κ.
1936 408 1941 414 .

648 505 726 582 τῇ
770 498 1016 563 κοτέων
1062 497 1306 577 Τρώων
1351 496 1726 562 κατεδύςετο
1772 498 2022 564 πουλὺν
2066 498 2316 582 ὅμιλον,

650 601 854 678 ὠρςεν
899 601 972 665 δὲ
1017 600 1285 683 Θρῃκῶν
1331 599 1745 679 βουληφόρον
1789 598 2247 682 Ἱπποκόωντα,

648 702 874 780 Ῥήςου
919 700 1195 781 ἀνεψιὸν
1240 699 1486 766 ἐςθλόν.
1562 700 1602 765 ὃ
1645 699 1704 765 δ’
1744 701 1813 766 ἐξ
1856 701 2069 767 ὕπνου
2112 701 2494 785 ἀνορούςας,

483 807 609 867 520
655 802 745 868 ὡς
789 803 884 869 ἰ’δε
932 808 1147 884 χῶρον
1191 803 1453 884 ἐρῆμον,
1498 801 1597 867 ὅθ’
1641 801 1905 869 ἕςταςαν
1951 803 2146 869 ὠκέες
2188 803 2401 888 ἵπποι,

648 905 887 983 ἄνδράς
931 906 986 969 τ’
1029 904 1459 983 ἀςπαίροντας
1503 904 1575 969 ἐν
1619 903 1956 987 ἀργαλέῃςι
2002 913 2304 989 φονῇςιν,

649 1006 911 1090 ᾤμωξέν
957 1006 1012 1070 τ’
1054 1005 1154 1084 ἄρ’
1199 1005 1417 1070 ἔπειτα
1461 1005 1658 1086 φίλον
1702 1006 1757 1070 τ’
1800 1006 2118 1087 ὀνόμηνεν
2163 1005 2435 1088 ἑταῖρον.

646 1107 891 1186 Τρώων
936 1109 1007 1172 δὲ
1052 1107 1294 1185 κλαγγή
1340 1127 1408 1171 τε
1451 1108 1554 1170 καὶ
1597 1106 1872 1173 ἄςπετος
1916 1107 2086 1187 ὦρτο
2130 1110 2430 1189 κυδοιμὸς

646 1209 977 1275 θυνόντων
1021 1207 1273 1289 ἄμυδις·
1322 1212 1595 1286 θηεῦντο
1641 1210 1713 1274 δὲ
1756 1209 2036 1289 μέρμερα
2079 1210 2257 1294 ἔργα,

481 1315 604 1372 525
650 1308 779 1376 ὅςς’
823 1308 1054 1390 ἄνδρες
1100 1310 1394 1390 ῥέξαντες
1439 1310 1596 1390 ἔβαν
1641 1311 1858 1376 κοίλας
1903 1311 2006 1375 ἐπὶ
2049 1315 2225 1391 νῆας.

602 1404 606 1407 ’
815 1412 882 1476 οἳ
924 1412 983 1477 δ’
1026 1412 1135 1478 ὅτε
1180 1414 1258 1491 δή
1306 1411 1362 1491 ῥ’
1401 1411 1632 1477 ἵκανον
1678 1410 1778 1477 ὅθι
1824 1413 2067 1479 ςκοπὸν
2111 1415 2415 1493 Ἕκτορος
2461 1414 2673 1495 ἔκταν,

647 1512 777 1578 ἔνθ’
824 1513 1123 1579 Ὀδυςεὺς
1167 1516 1282 1594 μὲν
1325 1513 1509 1594 ἔρυξε
1552 1514 1831 1594 διίφιλος
1879 1514 2082 1580 ὠκέας
2124 1515 2389 1597 ἵππους,

646 1615 951 1697 Τυδείδης
995 1617 1065 1681 δὲ
1111 1617 1348 1697 χαμᾶζε
1392 1617 1611 1695 θορὼν
1656 1616 1857 1695 ἔναρα
1902 1616 2253 1697 βροτόεντα

647 1718 718 1783 ἐν
764 1716 1023 1798 χείρεςς’
1067 1717 1319 1797 Ὀδυςῆι
1362 1718 1548 1802 τίθει,
1593 1717 1934 1798 ἐπεβήςετο
1978 1719 2036 1782 δ’
2076 1718 2312 1785 ἵππων.

479 1825 603 1882 530
644 1819 932 1898 μάςτιξεν
974 1820 1032 1884 δ’
1071 1819 1350 1903 ἵππους,
1393 1820 1485 1884 τώ
1531 1820 1590 1883 δ’
1634 1819 1753 1884 οὐκ
1796 1818 2065 1886 ἀέκοντε
2110 1822 2420 1902 πετέςθην

647 1923 833 2005 [νῆας
878 1922 985 1988 ἔπι
1028 1921 1394 2002 γλαφυράς·
1439 1927 1517 2004 τῇ
1562 1920 1686 1999 γὰρ
1730 1922 1928 2001 φίλον
1972 1920 2205 1987 ἔπλετο
2249 1922 2475 2006 θυμῷ]

649 2025 906 2105 Νέςτωρ
951 2026 1022 2089 δὲ
1066 2028 1323 2103 πρῶτος
1368 2023 1611 2088 κτύπον
1657 2022 1755 2088 ἄιε
1799 2021 2100 2102 φώνηςέν
2142 2043 2240 2088 τε·

816 2128 870 2190 ὠ
916 2126 1127 2207 φίλοι,
1174 2125 1476 2203 Ἀργείων
1519 2124 1830 2203 ἡγήτορες
1873 2123 1988 2202 ἠδὲ
2033 2125 2356 2209 μέδοντες,

647 2227 992 2309 ψεύςομαι,
1038 2226 1075 2304 ἦ
1120 2225 1356 2304 ἔτυμον
1401 2225 1563 2304 ἐρέω
1577 2247 1592 2301 ;
1638 2226 1883 2290 κέλεται
1930 2225 2002 2290 δέ
2047 2246 2122 2304 με
2166 2227 2380 2306 θυμός.

478 2336 600 2393 535
642 2329 864 2394 ἵππων
909 2329 970 2408 μ’
1015 2327 1379 2392 ὠκυπόδων
1423 2326 1588 2407 ἀμφὶ
1630 2326 1870 2393 κτύπος
1916 2327 2117 2392 οὔατα
2164 2328 2399 2408 βάλλει.

646 2431 712 2495 αἲ
755 2430 879 2511 γὰρ
924 2431 1000 2510 δὴ
1046 2428 1344 2494 Ὀδυςεύς
1390 2449 1458 2494 τε
1503 2428 1605 2493 καὶ
1646 2428 1685 2493 ὁ
1732 2430 2038 2510 κρατερὸς
2082 2431 2412 2512 Διομήδης

644 2532 758 2598 ὧδ’
803 2533 983 2616 ἄφαρ
1028 2532 1098 2597 ἐκ
1139 2532 1384 2612 Τρώων
1428 2531 1764 2597 ἐλαςαίατο
1809 2533 2108 2612 μώνυχας
2148 2532 2406 2601 ἵππους.

644 2633 789 2700 ἀλλ’
831 2634 1029 2701 αἰνῶς
1071 2634 1354 2701 δείδοικα
1395 2634 1556 2699 κατὰ
1599 2633 1840 2716 φρένα,
1886 2634 1967 2712 μή
2011 2656 2069 2699 τι
2114 2636 2399 2711 πάθωςιν

645 2737 946 2819 Ἀργείων
992 2739 1246 2818 ὠριςτοι
1289 2736 1419 2802 ὑπὸ
1464 2736 1710 2817 Τρώων
1755 2735 2143 2817 ὀρυμαγδοῦ.

611 2923 677 2976 V.
715 2943 765 2977 1..
827 2929 924 2978 517
961 2925 1170 2992 τρῴων
1205 2920 1263 2976 L.
1309 2922 1655 2976 κατεδύςατο
1693 2918 1799 2974 GS.
1846 2923 2215 2976 κατεδύςςετο
2262 2920 2320 2976 L.
2371 2924 2554 2976 πολὺν
2590 2921 2655 2975 D.
2694 2953 2757 2961 —

461 2998 573 3053 ,518
611 2992 757 3059 ῶρςε
794 2992 906 3046 GL:
941 3022 1006 3030 —
1042 2996 1140 3045 519
1177 2991 1210 3045 ὃ
1245 2989 1297 3043 δ’
1328 2988 1388 3042 L.
1425 2990 1509 3043 ὅδ’
1544 2986 1602 3045 C.
1639 3024 1705 3033 -
1740 2994 1841 3042 520
1875 2991 1903 3043 ἔ
1940 3006 2085 3057 ημον
2112 2988 2257 3058 Lips.
2285 2988 2498 3044 Townl.
2524 2988 2689 3044 Mose.
2711 2997 2760 3045 3.

475 3062 708 3115 ἔςταςαν
743 3062 808 3118 A.
848 3090 909 3098 ——
948 3065 1041 3113 521
1085 3058 1290 3124 ἄνδράς
1326 3058 1380 3109 τ’
1403 3059 1466 3110 A.
1503 3057 1853 3123 ἀςπέροντας
1890 3005 1956 3110 ὃ.
1996 3058 2309 3123 ἀργαλέοιςι
2346 3056 2503 3111 Cant.
2539 3058 2761 3126 φόνηιςι

476 3128 544 3182 D.
583 3158 644 3167 -
681 3134 780 3181 522
815 3129 888 3194 ἂρ
922 3126 1132 3181 DEGL.
1170 3128 1202 3177 ἀ
1274 3125 1340 3180 A.
1378 3126 1661 3193 ὀνόμηνεν
1696 3123 1762 3181 Η.
1800 3125 2066 3189 ὸνόμινεν
2100 3123 2167 3178 D.
2212 3155 2279 3164 —
2319 3132 2419 3180 523
2454 3126 2664 3193 τρῲων
2698 3124 2759 3178 L.

478 3225 539 3234 —
577 3200 677 3250 526
711 3194 767 3249 οἳ
800 3197 851 3248 δ’
875 3193 941 3253 D,
979 3195 1087 3248 οἵδ’
1120 3191 1161 3247 C
1217 3191 1330 3249 HL.
1366 3193 1563 3246 ἵκοντο
1590 3190 1638 3244 G
1662 3191 1888 3245 Baroec.
1926 3222 1989 3231 —-
2028 3197 2124 3247 527
2162 3194 2419 3247 ὀδυςςεὺς
2445 3191 2560 3246 DG.
2597 3194 2759 3260 ἔρυκε

476 3263 634 3325 Vrat.
655 3262 709 3315 b.
748 3263 822 3316 διῖ
855 3261 1020 3327 φίλος
1047 3259 1360 3316 ACDGHL.
1399 3290 1460 3299 —
1496 3264 1599 3314 528
1634 3262 1840 3327 χαμᾶζε
1865 3259 2038 3313 ADE:
2112 3260 2281 3326 αμάζε
2319 3258 2524 3317 CGHL.
2564 3288 2624 3298 -
2660 3266 2762 3315 529

476 3333 700 3396 όδυςςῆῖ
725 3329 790 3383 G.
826 3331 888 3383 ἐν
922 3331 1079 3397 ᾰλλψ
1116 3330 1307 3394 ὀδυςῆϊ
1330 3327 1484 3381 δίδου
1511 3328 1574 3380 A.
1610 3329 1875 3394 όδυςςῆος
1900 3328 2069 3383 ἐτίθει
2139 3369 2150 3382 .
2190 3329 2493 3395 ἑπεβήςετο
2519 3325 2761 3381 ACGHL

475 3398 701 3452 Baroco.
725 3395 871 3467 Lips.
897 3395 1055 3451 Vrat.
1081 3396 1137 3450 b.
1164 3398 1227 3450 A.
1254 3394 1424 3449 Mose.
1448 3402 1497 3449 3.
1525 3395 1839 3463 ἑπεβήςατο
1863 3394 1912 3448 D
1938 3412 2007 3450 ex
2032 3412 2172 3452 corr.
2195 3426 2259 3435 -—
2298 3402 2398 3450 530
2421 3396 2674 3461 μάςτιζεν
2700 3394 2761 3450 L.

477 3468 527 3521 δ’
559 3466 772 3521 ἵππους
809 3463 1030 3519 ACGH:
1067 3466 1117 3518 δ’
1162 3464 1390 3518 ὸδυςεὺς
1427 3462 1469 3516 L
1505 3462 1730 3517 Barocc.
1778 3462 1918 3517 Mor.
1957 3463 2172 3520 Townl.
2215 3466 2265 3517 δ’
2300 3465 2556 3518 ὀδυςςεὺς
2593 3461 2658 3516 G.
2696 3465 2761 3517 ἑν

478 3537 633 3602 ἄλλῳ
671 3534 928 3600 μάςτιξεν
963 3534 1013 3587 δ’
1048 3533 1305 3587 ὁδυςςεύς
1343 3531 1406 3585 A.
1448 3533 1475 3561 ⁸¹
1500 3532 1763 3585 ἀέκοντες
1798 3530 1931 3584 libri
1967 3532 2187 3589 ἄκοντε.
2230 3562 2288 3570 -
2328 3538 2417 3585 531
2460 3529 2642 3585 omitt.
2669 3531 2760 3585 Ac

477 3600 722 3657 Townl.:
759 3601 975 3655 habent
995 3598 1297 3654 DEGHLS.
1335 3600 1429 3653 ἐπὶ
1452 3598 1519 3657 Η.
1562 3631 1623 3639 -
1663 3605 1762 3653 534
1799 3600 2008 3665 ἔτυμόν
2043 3603 2128 3654 τὸι
2165 3601 2309 3667 ἐρέω
2336 3599 2399 3652 A.
2438 3599 2650 3665 ἔτυμόν
2672 3616 2761 3653 τοι

479 3671 580 3726 GH
605 3669 744 3723 Mor.
769 3668 993 3723 Baroec.
1034 3697 1098 3707 --
1135 3673 1234 3723 535
1270 3669 1326 3733 μ’
1361 3667 1541 3720 omitt.
1567 3665 1628 3721 L.
1661 3667 1804 3732 ἀμφι
1828 3665 1895 3719 D.
1930 3703 1995 3712 —
2033 3673 2131 3723 536
2166 3668 2273 3734 γὰρ
2308 3668 2566 3723 ὀδυςςεὺς
2600 3683 2664 3721 τε
2693 3666 2760 3725 D.

478 3739 736 3795 όδυςςεύς
783 3735 848 3791 G.
892 3767 954 3777 —
1004 3742 1102 3792 537
1148 3737 1276 3790 ὧδέ
1322 3736 1400 3789 ὠς
1446 3737 1497 3790 δ’
1538 3734 1626 3788 Et.
1671 3735 1780 3804 Mg.
1832 3738 1953 3801 175,
1998 3740 2081 3791 20.
2133 3733 2318 3803 Apoll.
2364 3732 2494 3787 Lex.
2539 3739 2633 3800 48,
2679 3740 2763 3789 20.

476 3858 546 3909 τρ
601 3856 686 3894 ων
720 3838 779 3893 L.
815 3868 878 3878 -—
916 3843 1016 3894 538
1051 3854 1195 3893 κατα
1230 3837 1348 3891 AD.
1384 3815 1621 3892 πάθὲίεν
1654 3836 1712 3895 L.
1758 3865 1824 3875 -
1868 3842 1967 3891 539
2013 3837 2066 3892 οἱ
2111 3836 2316 3903 ἄριςτοι
2361 3834 2509 3893 libri.
2548 3835 2662 3892 ὑπο
2700 3838 2760 3890 Δ.

478 3843 688 3978 τρᾞων
721 3906 783 3962 L.
821 3908 1140 3975 ὁρυγμαδοο
1178 3905 1219 3960 C
1261 3912 1303 3961 1.
1338 3921 1488 3963 man.
1528 3902 1647 3959 GH.

614 4076 683 4132 A.
719 4094 766 4130 ο.
828 4082 927 4130 522
963 4074 1280 4130 Zenodotus
1323 4076 1454 4128 ante
1500 4080 1602 4135 520
1645 4072 1955 4127 collocavit.
2007 4103 2070 4112 —
2116 4078 2215 4127 534
2260 4073 2413 4140 παρὰ
2452 4073 2761 4142 Ζηνοδότῳ

478 4148 540 4200 δὲ
576 4146 681 4200 οὐκ
716 4145 790 4209 ἦν
826 4146 859 4198 ὁ
895 4142 1078 4209 ςτίχος
1115 4142 1297 4198 Schol.
1333 4141 1400 4196 V.
1437 4172 1503 4181 --
1537 4146 1638 4197 538
1674 4141 2000 4209 ἀρίςταρχος
2034 4141 2276 4196 δείδοικα
2312 4145 2616 4209 μεταφρεςὶ
2651 4141 2763 4195 Di-

480 4212 747 4278 dymus,
784 4212 927 4264 conf.
951 4213 982 4265 δ
1007 4216 1124 4266 825.
1159 4210 1367 4265 retinui
1401 4213 1546 4264 κατὰ
1582 4210 1788 4276 φρένα,
1824 4209 1890 4261 ut
1925 4209 1969 4263 Α
1993 4215 2110 4274 555,
2152 4212 2309 4276 1244,
2347 4226 2395 4263 ω
2432 4216 2550 4264 353.
2575 4238 2640 4249 —-
2663 4214 2763 4263 539

480 4279 806 4346 ἀρίςταρχος
840 4279 1083 4347 ἀργείων
1120 4280 1342 4345 ὠριςτοι
1377 4282 1467 4333 καὶ
1503 4279 1640 4332 ἄνευ
1664 4281 1768 4334 τοῦ
1792 4277 1813 4331 ῐ
1837 4276 2186 4347 Didymus,
2224 4276 2367 4332 conf.
2391 4276 2459 4330 Η.
2480 4276 2546 4331 U.
2564 4282 2663 4333 202
2682 4294 2760 4346 sq.
