3144 5006
1211 427 1544 484 ΙΛΙΑΔΟ(
1594 426 1687 482 IX.
1733 427 1800 482 X.
2522 425 2647 490 273

534 584 615 663 μὴ
662 581 901 664 ὄφελες
945 582 1246 649 λίςςεςθαι
1292 580 1588 665 ἀμύμονα
1630 582 1995 663 Πηλείωνα,

533 683 723 765 μυρία
768 689 946 763 δῶρα
988 685 1234 750 διδούς·
1280 684 1319 748 ὃ
1366 684 1423 748 δ’
1465 682 1727 763 ἀγήνωρ
1773 683 1898 749 ἐςτὶ
1940 682 2042 749 καὶ
2085 682 2329 747 ἄλλως·

367 792 491 848 700
533 789 654 852 νῦν
700 786 781 851 αὖ
826 807 927 865 μιν
973 786 1144 851 πολὺ
1188 788 1435 866 μᾶλλον
1481 784 1890 869 ἀγηνορίῃςιν
1936 786 2181 863 ἐνῆκας.

534 887 675 952 ἀλλ’
717 887 757 966 ἦ
803 908 903 954 τοι
946 891 1164 954 κεῖνον
1208 888 1324 966 μὲν
1371 885 1672 970 ἐάςομεν,
1716 886 1756 965 ἤ
1801 906 1910 952 κεν
1953 886 2137 972 ἴῃςιν,

535 988 573 1066 ἤ
618 1009 688 1053 κε
734 990 920 1074 μένῃ·
963 991 1111 1056 τότε
1157 990 1214 1053 δ’
1260 988 1415 1055 αὖτε
1458 990 1831 1071 μαχήςεται,
1879 988 2126 1054 ὁππότε
2171 989 2279 1053 κέν
2323 1008 2427 1068 μιν

535 1091 731 1171 θυμὸς
774 1091 871 1156 ἐνὶ
917 1093 1232 1171 ςτήθεςςιν
1276 1091 1500 1176 ἀνώγῃ
1545 1091 1647 1156 καὶ
1690 1092 1839 1156 θεὸς
1884 1089 2056 1175 ὄρςῃ.

534 1192 673 1258 ἀλλ’
716 1193 909 1274 ἄγεθ’,
956 1193 1046 1259 ὡς
1092 1193 1171 1258 ἂν
1216 1193 1346 1268 ἐγὼ
1392 1192 1575 1281 εἴπω,
1620 1193 1982 1271 πειθώμεθα
2025 1192 2287 1257 πάντες·

367 1300 488 1358 705
535 1299 652 1360 νῦν
699 1295 813 1375 μὲν
860 1294 1232 1374 κοιμήςαςθε
1273 1294 1741 1375 τεταρπόμενοι
1786 1293 1984 1376 φίλον
2028 1293 2213 1372 ἦτορ·

427 1432 432 1436 ·
537 1396 708 1460 ςίτου
753 1397 856 1460 καὶ
899 1394 1142 1461 οἴνοιο’
1188 1397 1265 1462 τὸ
1309 1398 1434 1475 γὰρ
1479 1397 1673 1476 μένος
1718 1396 1847 1461 ἐςτὶ
1889 1396 1991 1459 καὶ
2035 1394 2224 1473 ἀλκή·

537 1497 738 1577 αὐτὰρ
783 1498 923 1562 ἐπεί
966 1517 1034 1561 κε
1079 1502 1256 1580 φανῇ
1300 1499 1460 1576 καλὴ
1508 1496 1983 1576 ῥοδοδάκτυλος
2027 1497 2180 1577 ἠώς,

538 1599 945 1678 καρπαλίμως
986 1601 1115 1678 πρὸ
1159 1604 1328 1664 νεῶν
1373 1598 1599 1679 ἐχέμεν
1644 1599 1805 1665 λαόν
1847 1619 1917 1664 τε
1962 1599 2062 1663 καὶ
2101 1599 2342 1663 ἵππους

536 1700 861 1782 ὀτρύνων,
907 1701 1008 1765 καὶ
1054 1700 1110 1764 δ’
1153 1699 1349 1766 αὐτὸς
1392 1700 1487 1766 ἐνὶ
1531 1700 1837 1779 πρώτοιςι
1880 1699 2202 1781 μάχεςθαι.

368 1808 491 1866 710
703 1802 792 1866 ὣς
836 1802 1044 1883 ἔφαθ’,
1092 1803 1158 1867 οἳ
1200 1802 1258 1868 δ’
1301 1800 1426 1880 ἄρα
1469 1802 1708 1869 πάντες
1749 1790 2068 1887 ἑπῄνηςαν
2115 1804 2420 1884 βαςιλῆες,

534 1906 738 1982 μῦθον
784 1902 1205 1983 ἀγαςςάμενοι
1248 1904 1617 1983 Διομήδεος
1660 1903 2076 1985 ἱπποδάμοιο.

534 2006 636 2070 καὶ
677 2005 822 2070 τότε
868 2007 946 2084 δὴ
994 2005 1353 2071 ςπείςαντες
1398 2006 1552 2087 ἔβαν
1599 2004 1835 2084 κλιςίην
1879 2007 1951 2070 δὲ
1997 2005 2274 2088 ἕκαςτος,

536 2107 692 2170 ἔνθα
736 2108 805 2171 δὲ
852 2106 1233 2187 κοιμήςαντο
1259 2096 1382 2171 ’καὶ
1425 2108 1636 2175 ὕπνου
1682 2111 1900 2187 δῶρον
1947 2108 2200 2181 ἕλοντο.

1576 2265 1705 2272 *—

1209 2383 1667 2461 ΙΛΙΑΔΟ(
1739 2385 1824 2459 Κ.

703 2498 926 2563 ’Άλλοι
971 2498 1087 2577 μὲν
1129 2499 1305 2578 παρὰ
1347 2501 1567 2577 νηυςὶν
1613 2497 1900 2579 ἀριςτῆες
1941 2499 2335 2579 Παναχαιῶν

503 2597 731 2664 εὗδον
775 2599 1150 2683 παννύχιοι,
1196 2604 1457 2686 μαλακῷ
1507 2602 1887 2690 δεδμημένοι
1932 2601 2145 2685 ὕπνῳ·

503 2732 570 2787 V.
608 2752 660 2787 1..
711 2738 811 2788 698
848 2737 920 2800 μὴ
947 2736 1154 2802 ὄφελες
1179 2733 1412 2790 AEHLS
1439 2734 1621 2792 Schol.
1654 2733 1937 2805 Aristoph.
1961 2733 2109 2787 Nub.
2132 2741 2215 2787 41.
2253 2731 2433 2788 Schol.
2458 2732 2648 2803 Eurip.

367 2800 514 2856 Med.
554 2808 598 2855 1.
632 2800 723 2855 Et.
746 2799 804 2854 M
847 2841 860 2854 .
885 2807 1109 2867 586,18.
1145 2802 1233 2860 Et.
1269 2800 1413 2858 Gud.
1451 2809 1568 2869 390,
1610 2809 1688 2857 18.
1725 2802 1918 2857 Zonar.
1955 2800 2088 2856 Lex.
2127 2807 2274 2855 1490.
2312 2800 2495 2855 801101.
2522 2805 2536 2855 Ι
2562 2807 2646 2866 63,

365 2871 422 2925 Π
456 2875 541 2935 2²5»,
576 2875 657 2934 74,
692 2874 774 2923 76.
859 2868 992 2939 poll.
1029 2868 1160 2926 Lex.
1199 2876 1247 2934 7,
1291 2877 1367 2925 17.
1404 2870 1585 2926 Cram.
1620 2873 1722 2925 An.
1751 2869 1851 2924 Ox.
1888 2870 1957 2936 ΙΙ,
1994 2876 2111 2936 431,
2149 2874 2196 2922 5.
2233 2872 2307 2936 μὴ
2347 2871 2570 2935 ὤφελες
2595 2869 2644 2923 D

364 2936 517 2991 Eust.
565 2942 721 3003 1046,
771 2943 848 2991 17.
905 2940 976 3004 μὴ
1023 2939 1074 2991 δ’
1109 2939 1315 3004 ὄφελες
1361 2937 1419 2992 C.
1473 2941 1602 3007 μηδ’
1648 2940 1855 3006 ὄφελες
1891 2935 1955 2992 G.
2009 2939 2269 3003 ἀμύμονα
2315 2937 2647 3006 Πηλείωναε

364 3005 653 3071 ἀμύμονος
689 3004 952 3060 Αιακίδαο
998 3004 1183 3059 801101.
1226 3004 1416 3060 Aristo
1456 3006 1514 3063 h.
1549 3006 1697 3061 Nub.
1734 3013 1817 3060 41.
1856 3036 1917 3045 —
1963 3010 2062 3060 699
2100 3006 2132 3058 ὃ
2168 3004 2323 3128 δᾷΙῗῡ
2365 3005 2648 3126 ὅδζΓΟΗΙί.

2238 3090 2271 3125 ν
2326 3089 2412 3137 γει
2484 3089 2647 3127 own.

365 3075 579 3128 άλλωςε
616 3090 653 3138 γ
691 3114 703 3125 .
740 3075 831 3127 καὶ
866 3074 1056 3127 αὕτως
1080 3072 1148 3129 A.
1184 3102 1251 3114 —-
1287 3079 1385 3128 703
1484 3073 1593 3128 ιΙ).
1629 3075 1914 3140 ςτήθεςςιν
1940 3074 2163 3193 dvm-se:

365 3140 522 3194 Vrat.
559 3156 605 3194 ο.
702 3155 810 3195 osc.
846 3147 895 3194 3.
930 3142 1215 3209 ςτήθεςςιν
1250 3142 1338 3209 ὁρ(
1446 3140 1510 3195 Ε.
1544 3144 1794 3210 ςτήθεςςι
1828 3143 2046 3197 κελεύοι
2126 3180 2141 3193 .
2178 3170 2242 3179 -—
2278 3145 2378 3195 701
2413 3141 2527 3207 ἐγὼ
2555 3141 2648 3196 OD

365 3207 553 3262 GHLS
580 3209 639 3262 et
663 3207 868 3275 Heynii
893 3224 1101 3262 omnes,
1140 3239 1204 3248 —
1241 3215 1340 3264 707
1412 3212 1788 3265 οδοδάκτυλος
1806 3211 1872 3264 A.
1908 3210 2026 3275 ἠώς
2052 3207 2119 3262 D.
2160 3239 2223 3249 -
2260 3214 2360 3263 708
2394 3226 2506 3277 προ
2529 3208 2648 3263 AD.

365 3340 431 3349 -
467 3315 566 3365 τοο
602 3310 703 3366 ενι,
720 3308 836 3361 AD.
874 3310 934 3363 ev
972 3308 1029 3363 0.
1082 3341 1146 3350 -
1190 3316 1289 3364 710
1326 3312 1405 3365 ὼε
1440 3278 1661 3367 Γαῖα
1696 3309 1903 3365 CGHL.
1950 3312 2020 3366 en
2063 3327 2238 3376 νηων
2273 3308 2457 3364 ΑοΕῙ,
2493 3309 2647 3366 Harl.

369 3377 522 3431 Vrat.
559 3378 613 3431 b.
652 3379 933 3446 ἑπῄνεςαν
967 3376 1181 3431 DGHS.
1224 3408 1279 3416 -
1321 3384 1418 3432 712
1455 3379 1670 3449 κλιςίην
1705 3382 1765 3434 δὲ
1799 3378 1866 3432 D.
1902 3382 2018 3433 κλις
2082 3381 2168 3433 νδ’
2200 3378 2261 3433 Ε.
2299 3379 2583 3448 κλιςίηθεν
2608 3378 2648 3434 C

366 3446 428 3498 et
459 3461 606 3499 man.
643 3461 752 3500 rec.
787 3461 872 3513 γρ.
909 3445 1201 3515 κλιςίηνδε.
1241 3476 1307 3486 —-
1342 3452 1441 3502 713
1477 3449 1676 3502 ἔνθαδε
1711 3446 1779 3501 D.
1818 3448 2016 3501 ἐνθάδε
2044 3397 2117 3500 a.

366 3632 403 3684 d
503 3565 564 3618 A.
602 3583 649 3617 c.
701 3569 801 3618 700
835 3564 1165 3633 evanuere-fv
1200 3581 1302 3619 τιςι
1336 3571 1458 3619 τῶν
1492 3567 1921 3634 ὑπομνημάτων
1956 3567 2045 3620 διὰ
2078 3571 2184 3620 τοῦ
2208 3571 2259 3619 ἶ
2289 3566 2501 3635 ἀνῆκας
2535 3565 2647 3620 Di·

413 3648 617 3700 ymuffi
784 3667 787 3670 ,

499 3800 568 3854 V.
603 3820 650 3855 τ..
710 3806 732 3855 1
771 3802 932 3855 ἄλλοι
970 3803 1072 3867 μέν
1105 3805 1176 3871 ῥα
1209 3803 1329 3858 θεοί
1365 3820 1429 3857 τε
1468 3807 1558 3858 καὶ
1593 3805 1790 3873 ἀνέρες
1831 3804 2285 3872 [ἱπποκορυςταί]
2318 3805 2648 3859 Aristoteles

366 3868 523 3926 Poet.
560 3875 643 3927 25.
682 3875 1011 3970 navffltfflv
1048 3871 1114 3924 A.

500 4023 564 4078 A.
600 4041 646 4076 0.
706 4025 844 4079 Φαςί
888 4026 997 4091 τὴν
1041 4025 1335 4094 ῥαψῳδίαν
1378 4026 1481 4094 ὑφ’
1516 4027 1765 4093 Ὀμήρου
1811 4024 1918 4096 ἰδίᾳ
1953 4026 2218 4091 τετάχθαι
2259 4028 2349 4080 καὶ
2388 4027 2460 4092 μὴ
2500 4027 2645 4080 εῖναι

366 4091 529 4157 μέρος
568 4091 817 4158 Ἰλιάδος,
854 4094 970 4146 ὑπὸ
1006 4093 1068 4146 δὲ
1104 4094 1499 4161 Πειςιςτράτου
1535 4097 1802 4160 τετάχθαι
1837 4094 1917 4148 εἰς
1952 4096 2062 4160 τὴν
2098 4092 2320 4162 ποίηςιν
2356 4092 2538 4148 Schol.
2574 4092 2641 4147 V.

363 4160 497 4223 φαςὶ
534 4161 595 4213 δὲ
628 4159 683 4215 οἱ
718 4162 947 4215 παλαιοὶ
982 4164 1091 4228 τὴν
1125 4161 1420 4230 ῥαψῳδίαν
1454 4163 1672 4229 ταύτην
1707 4163 1807 4230 ὑφ’
1831 4162 2079 4227 Ὁμήρου
2109 4161 2217 4230 ἰδίᾳ
2251 4165 2519 4228 τετάχθαι
2554 4164 2644 4217 καὶ

363 4228 439 4291 μὴ
476 4226 919 4296 ἑγκαταλεγῆναι
942 4233 1062 4283 τοῖς
1087 4231 1269 4296 μέρεςι
1304 4236 1406 4297 τῆς
1445 4230 1689 4294 Ἰλιάδος,
1725 4230 1840 4284 ὑπὸ
1863 4230 1924 4282 δὲ
1947 4230 2346 4296 Πειςιςτράτου
2378 4230 2645 4298 τετάχθαι

363 4294 590 4415 (εἰίςῶὴν
625 4296 848 4417 ποὲηὲἔ
878 4296 1036 4419 13Βῖ081..
1075 4303 1190 4363 785,
1226 4304 1309 4357 41.
1347 4297 1490 4364 conf.
1528 4296 1598 4351 H.
1635 4297 1700 4351 T.
1746 4304 1823 4351 12.
1864 4326 1928 4336 -
1978 4304 2001 4349 1
2042 4297 2225 4354 cmm:
2263 4300 2437 4353 ὧλλοι
2474 4297 2644 4352 Zeno-

403 4376 436 4414 0
542 4401 558 4429 ,
592 4378 697 4418 0011
725 4403 739 4417 .
966 4370 1012 4417 1.

463 4457 653 4499 Homeri
682 4458 812 4499 Ilin.
840 4459 878 4502 1.
2179 4457 2238 4506 18
