3144 5006
1349 438 1678 495 ιΛιΑΛος
1724 435 1848 490 vn.
1965 503 1988 525 .
2619 432 2747 497 205

630 595 966 677 μίςτυλλόν
1008 594 1065 659 τ’
1108 593 1208 672 ἄρ’
1250 592 1683 669 ἑπιςταμένως
1726 589 1958 670 πεῖράν
2001 589 2055 654 τ’
2098 588 2417 670 ὀβελοῖςιν
2433 637 2452 671 ,

631 696 936 777 ὥπτηςάν
981 715 1049 760 τε
1079 694 1581 776 “περιφραδέως,
1626 691 1933 771 ἐρύςαντό
1976 710 2045 756 τε
2089 690 2315 756 πάντα.

632 799 839 878 αὐτὰρ
885 798 1025 863 ἐπεὶ
1068 797 1396 862 παύςαντο
1442 795 1654 860 πόνου
1698 792 2044 858 τετύκοντό
2086 813 2157 858 τε
2200 795 2415 867 δαῖτα,

466 906 593 965 320
635 900 936 976 δαίνυντ’,
984 896 1141 963 οὐδέ
1184 919 1241 962 τι
1286 895 1484 978 θυμὸς
1529 894 1788 960 ἐδεύετο
1832 894 2052 959 δαιτὸς
2094 894 2280 972 ἐίςης.

632 1002 928 1067 νώτοιςιν
975 1001 1031 1065 δ’
1074 998 1315 1065 Αἴαντα
1359 997 1734 1076 διηνεκέεςςι
1777 996 2073 1076 γέραιρεν

631 1103 805 1182 ἥρως
848 1100 1202 1182 Ἀτρείδης,
1250 1099 1404 1179 εὐρὺ
1452 1098 1682 1178 κρείων
1727 1098 2156 1178 Ἀγαμέμνων.

632 1203 834 1283 αὐτὰρ
880 1202 1018 1267 ἐπεὶ
1062 1201 1287 1268 πόςιος
1330 1201 1430 1266 καὶ
1473 1202 1740 1281 ἐδητύος
1786 1198 1850 1266 ἐξ
1894 1198 2052 1278 ἔρον
2095 1199 2278 1282 ἕντο,

633 1307 771 1371 τοῖς
813 1304 853 1368 ὁ
896 1305 1112 1385 γέρων
1156 1304 1550 1384 πάμπρωτος
1595 1302 1892 1382 ὑφαίνειν
1938 1300 2173 1380 ἤρχετο
2218 1304 2425 1383 μῆτιν,

464 1412 588 1470 325
638 1407 927 1489 Νέςτωρ,
971 1404 1054 1470 ού
1100 1407 1202 1470 καὶ
1242 1404 1520 1485 πρόςθεν
1565 1403 1780 1483 ἀρίςτη
1825 1403 2095 1483 φαίνετο
2143 1402 2372 1481 βουλή·

632 1508 671 1572 ὅ
715 1527 863 1588 ςφιν
909 1508 981 1572 ἐὺ
1027 1506 1332 1588 φρονέων
1378 1505 1742 1583 ἀγορήςατο
1788 1505 1891 1569 καὶ
1933 1504 2290 1582 μετέειπεν·

802 1607 1081 1688 Ἀτρείδη
1126 1627 1195 1673 τε
1239 1608 1342 1671 καὶ
1382 1606 1570 1670 ἄλλοι
1613 1604 1900 1684 ἀριςτῆες
1945 1604 2357 1686 Παναχαιῶν,

556 1786 572 1802 .
633 1712 870 1776 πολλοὶ
912 1711 1035 1789 γὰρ
1079 1711 1331 1774 τεθνᾶςι
1377 1709 1534 1787 κάρη
1581 1706 1944 1786 κομόωντες
1990 1707 2256 1787 Ἀχαιοί,

634 1816 765 1879 τῶν
793 1814 929 1878 -νῦν
972 1809 1127 1891 αἷμα
1168 1810 1466 1875 κελαινὸν
1512 1806 1791 1889 ἐύρροον
1836 1808 1999 1888 ἀμφὶ
2042 1807 2454 1889 (κάμανδρον

468 1920 594 1977 330
637 1913 909 1978 ἐςκέδας’
955 1912 1105 1979 ὀξὺς
1149 1914 1370 1992 Ἄρης,
1415 1913 1621 1991 ψυχαὶ
1664 1910 1720 1974 δ’
1761 1909 1978 1975 Ἄϊδος
2023 1910 2095 1974 δὲ
2138 1911 2481 1989 κατῆλθον·

635 2018 727 2079 τῶ
773 2034 837 2080 ςε
883 2016 1003 2092 χρὴ
1049 2014 1341 2093 πόλεμον
1386 2013 1502 2092 μὲν
1546 2011 1650 2091 ἅμ’
1693 2012 1804 2091 ἠοῖ
1846 2001 2080 2077 πὰὓςαι
2124 2012 2414 2092 Ἀχαιῶν,

634 2116 820 2181 αὐτοὶ
862 2116 919 2179 δ’
961 2115 1309 2195 ἀργόμενοι
1356 2114 1743 2194 κυκλήςομεν
1789 2112 2018 2180 ἐνθάδε
2061 2114 2329 2193 νεκροὺς

635 2219 815 2297 βουςὶ
858 2218 960 2282 καὶ
1000 2217 1378 2298 ἡμιόνοιςιν·
1423 2214 1585 2295 ἀτὰρ
1630 2214 2025 2295 κατακήομεν
2068 2216 2306 2280 αὐτοὺς

634 2320 866 2385 τυτθὸν
911 2316 1044 2384 ἀπὸ
1088 2318 1218 2398 πρὸ
1261 2322 1458 2394 νεῶν,
1506 2316 1598 2383 ὥς
1643 2317 1696 2381 κ’
1739 2316 1930 2381 ὀςτέα
1973 2318 2183 2383 παιςὶν
2227 2315 2483 2382 ἕκαςτος

471 2425 594 2484 335
641 2418 844 2485 οἴκαδ’
886 2418 1044 2503 ἄγῃ,
1088 2420 1184 2485 ὅτ’
1226 2420 1307 2485 ἂν
1352 2416 1502 2484 αὖτε
1547 2419 1838 2498 νεώμεθα
1880 2418 2155 2498 πατρίδα
2197 2421 2402 2495 γαῖαν.

426 2525 581 2598 Cap
633 2523 876 2602 τύμβον
921 2522 977 2586 δ’
1021 2521 1186 2602 ἀμφὶ
1228 2523 1436 2602 πυρὴν
1482 2522 1599 2586 ἕνα
1642 2521 1915 2600 χεύομεν
1961 2522 2380 2598 ἐξαγαγόντες

635 2624 897 2704 ἄκριτον
942 2623 1011 2687 ἐκ
1054 2623 1310 2688 πεδίου·
1356 2624 1509 2688 ποτὶ
1553 2624 1611 2688 δ’
1653 2622 1855 2688 αὐτὸν
1900 2623 2196 2702 δείμομεν
2239 2623 2375 2687 ὦκα

600 2825 670 2881 V.
705 2845 755 2880 ι..
833 2830 930 2881 317
979 2827 1249 2891 μῒςτϋλον
1292 2827 1343 2880 δ’
1387 2823 1457 2880 Η.
1512 2826 1583 2892 ἂρ
1619 2823 1781 2879 DGL.
1834 2826 1905 2892 ἀρ
1946 2825 2013 2879 A.
2050 2855 2109 2864 —
2161 2830 2262 2879 3-20
2296 2826 2418 2881 οὐδ’
2460 2827 2544 2881 έτι
2583 2829 2643 2882 A.
2682 2858 2748 2868 -

464 2900 561 2947 321
600 2895 826 2948 νώτοιςι
861 2891 922 2946 Ε.
959 2921 1024 2930 --
1061 2897 1160 2946 322
1196 2894 1332 2960 εὐρὺ
1378 2909 1411 2947 κ
1450 2892 1588 2947 είων
1632 2892 1707 2945 Α;
1746 2891 1919 2946 ceteri
1967 2892 2326 2960 εύρυκρείων.
2375 2924 2436 2934 -
2482 2900 2582 2949 323
2617 2897 2748 2951 έντο

466 2960 525 3015 L.
560 2963 693 3016 ἔντο
726 2959 899 3019 DGH.
938 2990 1001 3000 —
1039 2966 1139 3014 324
1172 2964 1291 3015 τοῖς
1327 2961 1377 3012 δ’
1459 2961 1565 3014 unt.
1608 2965 1765 3026 1850,
1804 2965 1880 3012 19.
1929 2960 2094 3025 πάμπ
2131 2976 2285 3014 ωτον
2327 2959 2474 3017 Plut.
2524 2961 2747 3027 Quaest.

466 3028 684 3084 conviv.
721 3026 853 3092 VII,
896 3034 954 3093 9,
1002 3035 1046 3081 1.
1102 3029 1139 3093 ἦ
1179 3029 1314 3083 ξατο
1357 3025 1510 3082 Euat.
1549 3032 1704 3092 1275,
1741 3032 1823 3084 61.
1877 3028 2035 3094 μύθῳ
2122 3028 2227 3082 rat.
2271 3027 2326 3082 b.
2384 3033 2561 3095 μῦθον
2595 3029 2746 3085 Eunt.

467 3097 986 3232 ὲθὲοέὲᾝέἒέὥξ
1011 3093 1104 3216 {¹²
1133 3095 1888 3231 ..gngffezui‘ffiffssfflffiffss
1925 3096 2496 3231 affigam&
2519 3099 2581 3154 ὅ(
2618 3115 2749 3222 (ἓὲἔ

464 3241 713 3333 ἀϊρείδῆι
739 3265 807 3319 A.
867 3264 1116 3332 ἀτρεῖδαί
1159 3262 1305 3316 CGH
1350 3262 1578 3320 Barocc.
1621 3263 1760 3318 Mor.
1805 3262 1960 3319 Harl.
2018 3281 2289 3334 παναριςτ
2330 3283 2390 3323 ες
2433 3268 2646 3335 ἀχαιῶν
2688 3268 2747 3323 L.

466 3337 795 3429 *navcggtfflv
832 3333 895 3386 A.
931 3361 995 3371 —
1032 3336 1132 3386 328
1166 3334 1298 3399 γὰρε
1337 3333 1440 3397 μὲν
1476 3329 1513 3385 S
1549 3331 1709 3386 Cant.
1746 3331 1882 3386 Mor.
1921 3333 2024 3399 μὲν
2057 3336 2163 3401 γὰρ
2201 3333 2248 3388 G
2339 3334 2440 3389 arl.
2483 3338 2553 3403 δὴ
2590 3334 2745 3392 Vrat.

465 3433 519 3488 b.
548 3443 596 3487 1.
629 3449 777 3486 man.
813 3434 955 3502 κάρη
993 3434 1320 3499 κομόωντες
1345 3434 1420 3486 A:
1459 3433 1635 3487 ceteri
1669 3450 1882 3502 καρηκο
1924 3435 2155 3492 όωντες.
2195 3465 2256 3475 -
2293 3441 2394 3491 339
2429 3439 2746 3508 κάμανδρον

465 3501 507 3555 L
541 3499 698 3554 Harl.
734 3530 799 3542 --
836 3507 938 3555 330
971 3503 1125 3556 ᾰῑδος
1160 3503 1223 3556 δὲ
1258 3500 1429 3554 ADH.
1469 3532 1521 3541 —
1567 3508 1662 3555 331
1702 3505 1788 3555 τῶ
1825 3500 1871 3553 A
1899 3500 1981 3555 Ὶι.
2018 3508 2104 3568 τῷ
2128 3501 2296 3558 DEH.
2332 3504 2419 3558 τώ
2445 3504 2512 3562 G.
2548 3523 2615 3573 γε
2638 3510 2745 3575 χρὴ

465 3567 535 3622 Η.
573 3598 636 3608 —
673 3575 773 3623 332
809 3584 907 3622 νεκ
978 3571 1069 3623 ὺςε
1106 3570 1323 3623 πάντας
1361 3568 1447 3622 Et.
1482 3568 1596 3639 Mg.
1635 3574 1750 3632 544,
1787 3574 1868 3622 24.
1908 3599 1975 3610 -—
2009 3576 2109 3624 333
2154 3572 2427 3636 ήμιόνοιςι
2465 3572 2532 3627 Η.
2579 3592 2745 3630 κατα·

466 3637 689 3698 κείομεν
722 3633 868 3690 ACD
1050 3636 1198 3704 Lipe.
1237 3635 1389 3691 Harl.
1423 3635 1636 3691 'l'ownL
1673 3636 1829 3691 Vrat.
1865 3636 1919 3694 b.
1953 3636 2122 3691 Μοεο.
2164 3648 2205 3692 1.
2243 3668 2311 3680 -
2346 3646 2446 3694 334
2481 3643 2597 3704 ἀπὸ
2633 3646 2746 3711 πρὸ

464 3705 530 3758 A.
565 3706 680 3759 ἀπο
716 3706 829 3772 πρὸ
865 3701 1029 3759 CDH.
1065 3706 1179 3759 ἄπο
1215 3721 1327 3772 προ
1362 3703 1415 3759 S.
1451 3705 1612 3759 ἀπόπ
1718 3702 1813 3776 GL
1847 3703 1984 3761 Mor.
2022 3707 2181 3760 ἀποπ
2219 3710 2251 3761 ὸ
2286 3706 2445 3764 eant„
2480 3712 2595 3763 (hro
2631 3713 2745 3778 πρὸ

539 3775 753 3838 μᾶλλον
786 3772 1016 3839 ἀπόπρο
1051 3770 1112 3829 Ε.
1152 3801 1216 3811 —-
1251 3777 1351 3826 336
1386 3774 1505 3838 ἄγει
1543 3722 1725 3826 Seggl.
1764 3773 1802 3828 C
1827 3778 1942 3829 332.
1982 3775 2123 3828 ὅταν
2194 3774 2258 3830 G.
2296 3804 2361 3814 —
2396 3782 2496 3831 336
2531 3779 2602 3831 τύ
2712 3796 2746 3831 ν

466 3841 518 3893 δ’
550 3839 610 3892 ἐκ
647 3840 843 3895 πεδίου
864 3839 961 3894 ἵνα
985 3841 1225 3906 χεύομεν
1248 3838 1598 3909 Pseudoplut
1644 3846 1754 3905 156,
1776 3845 1827 3896 8.
1864 3869 1928 3879 -
1965 3848 2062 3895 337
2098 3843 2161 3896 ὲκ
2188 3843 2383 3896 πεδίου
2407 3841 2606 3897 ACDG
2708 3845 2744 3899 S

467 3905 624 3961 Cant.
657 3907 793 3962 Mor.
827 3905 983 3961 Harl.
1017 3906 1164 3976 Lipe.
1201 3906 1355 3966 νηῒ..
1381 3907 1434 3966 b.
1471 3924 1515 3961 c.
1555 3908 1620 3961 A.
1659 3907 1827 3961 Mose.
1860 3914 1901 3965 1.
1928 3917 1974 3966 3.
2012 3910 2074 3963 ἐκ
2111 3910 2308 3965 πεδίου
2344 3913 2380 3978 ἢ
2416 3912 2649 3978 μάλιςτα
2682 3915 2745 3967 ἑν

467 3975 644 4041 πεδίῳ
678 3974 724 4028 Ε
759 3978 877 4041 683,
913 3980 996 4029 34.
1034 3978 1201 4042 προτὶ
1232 3973 1293 4028 L.

521 4091 556 4098 q
603 4093 696 4098 ἶ--
759 4093 868 4100 -..ς-

601 4158 668 4213 Α.
704 4179 753 4213 ο.
824 4167 925 4216 331
959 4164 1076 4217 ἀπὸ
1111 4163 1226 4231 πρὸ
1260 4161 1640 4219 Herodianus:
1678 4164 1793 4222 ἄπο
1837 4166 1951 4235 πρὸ
1985 4162 2353 4221 Aristarchus.
2392 4191 2455 4206 -ψ
2491 4174 2607 4234 334,
2645 4176 2745 4226 335

466 4228 802 4283 ἀθετοῦνται
838 4229 1302 4297 Aristonicus,
1340 4231 1484 4286 conf.
1510 4231 1694 4286 Schol.
1732 4236 1783 4288 Δ
1812 4240 1924 4300 174,
1962 4234 2001 4290 C
2028 4240 2145 4288 332.
2181 4263 2245 4274 -—
2283 4241 2382 4290 336
2416 4237 2742 4305 ἀρίςταρχος

464 4296 553 4349 διὰ
587 4300 691 4350 τοῦ
731 4303 769 4349 Τι’
811 4298 1024 4363 τύμβον
1058 4301 1112 4352 τ’
1144 4301 1287 4366 ἀμφι
1322 4299 1667 4367 Didymus.
1710 4331 1767 4340 -
1808 4307 1905 4355 337
1943 4303 2003 4356 ἐκ
2040 4304 2261 4357 πεδίουε
2298 4305 2359 4358 ἐν
2404 4305 2582 4360 πεδίω
2621 4307 2741 4360 Ari-

464 4363 793 4433 stophanen,
830 4365 973 4424 eous.
1011 4366 1084 4419 ad
1117 4372 1232 4421 436.
2555 4360 2563 4375 ’
