<?xml version="1.0" encoding="UTF-8"?>
<!DOCTYPE html PUBLIC "-//W3C//DTD XHTML 1.0 Transitional//EN"
    "http://www.w3.org/TR/xhtml1/DTD/xhtml1-transitional.dtd">
<html xmlns="http://www.w3.org/1999/xhtml" xml:lang="en" lang="en">
 <head>
  <title>
</title>
<meta http-equiv="Content-Type" content="text/html;charset=utf-8" />
  <meta name='ocr-system' content='tesseract 3.04.00' />
  <meta name='ocr-capabilities' content='ocr_page ocr_carea ocr_par ocr_line ocrx_word'/>
</head>
<body>
  <div class='ocr_page' id='page_1' title='image "./iliasadfidemlib00homegoog_0230.png"; bbox 0 0 3144 5006; ppageno 0'>
   <div class='ocr_carea' id='block_1_1' title="bbox 477 334 1848 397">
    <p class='ocr_par' dir='ltr' id='par_1_1' title="bbox 477 334 1848 397">
     <span class='ocr_line' id='line_1_1' title="bbox 477 334 1848 397; baseline -0.006 -1"><span class='ocrx_word' id='word_1_1' title='bbox 477 334 605 397; x_wconf 77' lang='lat'>220</span> <span class='ocrx_word' id='word_1_2' title='bbox 1404 335 1735 391; x_wconf 78' lang='grc' dir='ltr'>ΙΛΙΑΔΟ(</span> <span class='ocrx_word' id='word_1_3' title='bbox 1783 337 1848 388; x_wconf 84' lang='grc' dir='ltr'><strong>Θ.</strong></span> 
     </span>
    </p>
   </div>
   <div class='ocr_carea' id='block_1_2' title="bbox 485 488 2487 2505">
    <p class='ocr_par' dir='ltr' id='par_1_2' title="bbox 485 488 2487 2505">
     <span class='ocr_line' id='line_1_2' title="bbox 647 488 2023 574; baseline -0.002 -20"><span class='ocrx_word' id='word_1_4' title='bbox 647 488 770 573; x_wconf 80' lang='grc' dir='ltr'>ἠχῇ</span> <span class='ocrx_word' id='word_1_5' title='bbox 815 488 1103 574; x_wconf 89' lang='grc' dir='ltr'>θεςπεςίῃ</span> <span class='ocrx_word' id='word_1_6' title='bbox 1152 490 1340 571; x_wconf 84' lang='grc' dir='ltr'>βέλεα</span> <span class='ocrx_word' id='word_1_7' title='bbox 1384 489 1731 556; x_wconf 90' lang='grc' dir='ltr'>ςτονόεντα</span> <span class='ocrx_word' id='word_1_8' title='bbox 1773 490 2023 568; x_wconf 86' lang='grc' dir='ltr'><strong>χέοντο.</strong></span> 
     </span>
     <span class='ocr_line' id='line_1_3' title="bbox 485 591 2487 675; baseline 0.001 -23"><span class='ocrx_word' id='word_1_9' title='bbox 485 596 605 653; x_wconf 88' lang='grc'>160</span> <span class='ocrx_word' id='word_1_10' title='bbox 649 597 739 675; x_wconf 84' lang='grc' dir='ltr'>τῷ</span> <span class='ocrx_word' id='word_1_11' title='bbox 785 591 842 656; x_wconf 82' lang='grc' dir='ltr'>δ’</span> <span class='ocrx_word' id='word_1_12' title='bbox 885 591 989 655; x_wconf 85' lang='grc' dir='ltr'>ἐπὶ</span> <span class='ocrx_word' id='word_1_13' title='bbox 1031 593 1276 672; x_wconf 86' lang='grc' dir='ltr'>μακρὸν</span> <span class='ocrx_word' id='word_1_14' title='bbox 1319 591 1470 656; x_wconf 86' lang='grc' dir='ltr'>ἄυςε</span> <span class='ocrx_word' id='word_1_15' title='bbox 1511 591 1705 670; x_wconf 90' lang='grc' dir='ltr'>μέγας</span> <span class='ocrx_word' id='word_1_16' title='bbox 1750 591 2170 669; x_wconf 75' lang='grc' dir='ltr'>κορυθαίολος</span> <span class='ocrx_word' id='word_1_17' title='bbox 2214 592 2487 670; x_wconf 83' lang='grc' dir='ltr'>Ἕκτωρ·</span> 
     </span>
     <span class='ocr_line' id='line_1_4' title="bbox 817 692 2478 776; baseline -0.001 -18"><span class='ocrx_word' id='word_1_18' title='bbox 817 693 1116 776; x_wconf 86' lang='grc' dir='ltr'>Τυδείδη,</span> <span class='ocrx_word' id='word_1_19' title='bbox 1163 694 1311 772; x_wconf 86' lang='grc' dir='ltr'>περὶ</span> <span class='ocrx_word' id='word_1_20' title='bbox 1351 693 1467 773; x_wconf 88' lang='grc' dir='ltr'>μέν</span> <span class='ocrx_word' id='word_1_21' title='bbox 1513 711 1582 756; x_wconf 88' lang='grc' dir='ltr'>ςε</span> <span class='ocrx_word' id='word_1_22' title='bbox 1624 692 1764 757; x_wconf 92' lang='grc' dir='ltr'>τίον</span> <span class='ocrx_word' id='word_1_23' title='bbox 1809 693 2065 758; x_wconf 87' lang='grc' dir='ltr'>Δαναοὶ</span> <span class='ocrx_word' id='word_1_24' title='bbox 2107 694 2478 773; x_wconf 86' lang='grc' dir='ltr'>ταχύπωλοι</span> 
     </span>
     <span class='ocr_line' id='line_1_5' title="bbox 652 794 2124 879; baseline -0.001 -20"><span class='ocrx_word' id='word_1_25' title='bbox 652 795 805 879; x_wconf 78' lang='grc' dir='ltr'>ἕδρῃ</span> <span class='ocrx_word' id='word_1_26' title='bbox 849 815 919 859; x_wconf 88' lang='grc' dir='ltr'>τε</span> <span class='ocrx_word' id='word_1_27' title='bbox 964 795 1213 875; x_wconf 90' lang='grc' dir='ltr'>κρέαςίν</span> <span class='ocrx_word' id='word_1_28' title='bbox 1258 815 1327 859; x_wconf 90' lang='grc' dir='ltr'>τε</span> <span class='ocrx_word' id='word_1_29' title='bbox 1374 794 1465 858; x_wconf 84' lang='grc' dir='ltr'>ἰδὲ</span> <span class='ocrx_word' id='word_1_30' title='bbox 1510 795 1756 860; x_wconf 76' lang='grc' dir='ltr'>πλείοις</span> <span class='ocrx_word' id='word_1_31' title='bbox 1800 795 2124 860; x_wconf 89' lang='grc' dir='ltr'>δεπάεςςι·</span> 
     </span>
     <span class='ocr_line' id='line_1_6' title="bbox 650 895 2384 977; baseline -0.001 -15"><span class='ocrx_word' id='word_1_32' title='bbox 650 901 768 962; x_wconf 87' lang='grc' dir='ltr'>νῦν</span> <span class='ocrx_word' id='word_1_33' title='bbox 814 897 885 961; x_wconf 87' lang='grc' dir='ltr'>δέ</span> <span class='ocrx_word' id='word_1_34' title='bbox 931 898 981 961; x_wconf 83' lang='grc' dir='ltr'>ς’</span> <span class='ocrx_word' id='word_1_35' title='bbox 1026 895 1418 977; x_wconf 90' lang='grc' dir='ltr'>ἀτιμήςουςι·</span> <span class='ocrx_word' id='word_1_36' title='bbox 1465 898 1769 974; x_wconf 87' lang='grc' dir='ltr'>γυναικὸς</span> <span class='ocrx_word' id='word_1_37' title='bbox 1812 896 1916 977; x_wconf 77' lang='grc' dir='ltr'>ἄρ’</span> <span class='ocrx_word' id='word_1_38' title='bbox 1958 896 2101 963; x_wconf 89' lang='grc' dir='ltr'>ἀντὶ</span> <span class='ocrx_word' id='word_1_39' title='bbox 2143 897 2384 964; x_wconf 86' lang='grc' dir='ltr'>τέτυξο.</span> 
     </span>
     <span class='ocr_line' id='line_1_7' title="bbox 650 996 2217 1083; baseline 0.001 -21"><span class='ocrx_word' id='word_1_40' title='bbox 650 997 798 1079; x_wconf 82' lang='grc' dir='ltr'>ἔρῤε</span> <span class='ocrx_word' id='word_1_41' title='bbox 843 1000 999 1078; x_wconf 87' lang='grc' dir='ltr'>κακὴ</span> <span class='ocrx_word' id='word_1_42' title='bbox 1043 997 1281 1080; x_wconf 84' lang='grc' dir='ltr'>γλήνη,</span> <span class='ocrx_word' id='word_1_43' title='bbox 1328 997 1465 1066; x_wconf 79' lang='grc' dir='ltr'>ἐπεὶ</span> <span class='ocrx_word' id='word_1_44' title='bbox 1509 997 1632 1083; x_wconf 85' lang='grc' dir='ltr'>οὐκ</span> <span class='ocrx_word' id='word_1_45' title='bbox 1678 996 1966 1065; x_wconf 84' lang='grc' dir='ltr'>εἴξαντος</span> <span class='ocrx_word' id='word_1_46' title='bbox 2010 1000 2217 1080; x_wconf 76' lang='grc' dir='ltr'>ἐμεῑο“</span> 
     </span>
     <span class='ocr_line' id='line_1_8' title="bbox 485 1099 2223 1183; baseline 0.002 -20"><span class='ocrx_word' id='word_1_47' title='bbox 485 1106 600 1164; x_wconf 89' lang='grc'>165</span> <span class='ocrx_word' id='word_1_48' title='bbox 647 1100 914 1178; x_wconf 90' lang='grc' dir='ltr'>πύργων</span> <span class='ocrx_word' id='word_1_49' title='bbox 958 1099 1281 1179; x_wconf 84' lang='grc' dir='ltr'>ἡμετέρων</span> <span class='ocrx_word' id='word_1_50' title='bbox 1325 1101 1675 1183; x_wconf 84' lang='grc' dir='ltr'>ἐπιβήςεαι,</span> <span class='ocrx_word' id='word_1_51' title='bbox 1721 1100 1875 1165; x_wconf 88' lang='grc' dir='ltr'>ούδέ</span> <span class='ocrx_word' id='word_1_52' title='bbox 1919 1105 2223 1178; x_wconf 87' lang='grc' dir='ltr'>γυναῖκας</span> 
     </span>
     <span class='ocr_line' id='line_1_9' title="bbox 648 1199 2175 1281; baseline 0.001 -16"><span class='ocrx_word' id='word_1_53' title='bbox 648 1199 813 1267; x_wconf 88' lang='grc' dir='ltr'>ἄξεις</span> <span class='ocrx_word' id='word_1_54' title='bbox 858 1201 931 1266; x_wconf 95' lang='grc' dir='ltr'>ἐν</span> <span class='ocrx_word' id='word_1_55' title='bbox 977 1201 1213 1280; x_wconf 83' lang='grc' dir='ltr'>νήεςςι·</span> <span class='ocrx_word' id='word_1_56' title='bbox 1261 1201 1469 1281; x_wconf 89' lang='grc' dir='ltr'>πάρος</span> <span class='ocrx_word' id='word_1_57' title='bbox 1514 1223 1615 1267; x_wconf 86' lang='grc' dir='ltr'>τοι</span> <span class='ocrx_word' id='word_1_58' title='bbox 1658 1201 1932 1281; x_wconf 89' lang='grc' dir='ltr'>δαίμονα</span> <span class='ocrx_word' id='word_1_59' title='bbox 1974 1205 2175 1269; x_wconf 87' lang='grc' dir='ltr'>δώςω.</span> 
     </span>
     <span class='ocr_line' id='line_1_10' title="bbox 816 1303 2393 1387; baseline 0.003 -20"><span class='ocrx_word' id='word_1_60' title='bbox 816 1303 906 1368; x_wconf 85' lang='grc' dir='ltr'>ὣς</span> <span class='ocrx_word' id='word_1_61' title='bbox 951 1303 1158 1386; x_wconf 83' lang='grc' dir='ltr'>φάτο,</span> <span class='ocrx_word' id='word_1_62' title='bbox 1201 1303 1507 1382; x_wconf 91' lang='grc' dir='ltr'>Τυδείδης</span> <span class='ocrx_word' id='word_1_63' title='bbox 1551 1304 1624 1369; x_wconf 83' lang='grc' dir='ltr'>δὲ</span> <span class='ocrx_word' id='word_1_64' title='bbox 1669 1306 1958 1384; x_wconf 77' lang='grc' dir='ltr'>διάνδιχα</span> <span class='ocrx_word' id='word_1_65' title='bbox 2001 1306 2393 1387; x_wconf 84' lang='grc' dir='ltr'>μερμήριξεν,</span> 
     </span>
     <span class='ocr_line' id='line_1_11' title="bbox 643 1404 2288 1487; baseline 0.003 -20"><span class='ocrx_word' id='word_1_66' title='bbox 643 1404 885 1470; x_wconf 84' lang='grc' dir='ltr'>ἵππους</span> <span class='ocrx_word' id='word_1_67' title='bbox 929 1426 996 1470; x_wconf 87' lang='grc' dir='ltr'>τε</span> <span class='ocrx_word' id='word_1_68' title='bbox 1042 1406 1302 1485; x_wconf 78' lang='grc' dir='ltr'>(τρέψαι</span> <span class='ocrx_word' id='word_1_69' title='bbox 1347 1406 1450 1469; x_wconf 83' lang='grc' dir='ltr'>καὶ</span> <span class='ocrx_word' id='word_1_70' title='bbox 1490 1405 1851 1487; x_wconf 81' lang='grc' dir='ltr'>ἐναντίβιον</span> <span class='ocrx_word' id='word_1_71' title='bbox 1896 1407 2288 1487; x_wconf 88' lang='grc' dir='ltr'>μαχέςαςθαι.</span> 
     </span>
     <span class='ocr_line' id='line_1_12' title="bbox 646 1507 2398 1590; baseline 0.002 -20"><span class='ocrx_word' id='word_1_72' title='bbox 646 1508 780 1587; x_wconf 87' lang='grc' dir='ltr'>τρὶς</span> <span class='ocrx_word' id='word_1_73' title='bbox 823 1509 938 1588; x_wconf 77' lang='grc' dir='ltr'>μὲν</span> <span class='ocrx_word' id='word_1_74' title='bbox 984 1508 1319 1588; x_wconf 86' lang='grc' dir='ltr'>μερμήριξε</span> <span class='ocrx_word' id='word_1_75' title='bbox 1363 1508 1521 1573; x_wconf 88' lang='grc' dir='ltr'>κατὰ</span> <span class='ocrx_word' id='word_1_76' title='bbox 1564 1507 1778 1589; x_wconf 87' lang='grc' dir='ltr'>φρένα</span> <span class='ocrx_word' id='word_1_77' title='bbox 1821 1509 1922 1573; x_wconf 87' lang='grc' dir='ltr'>καὶ</span> <span class='ocrx_word' id='word_1_78' title='bbox 1964 1509 2124 1574; x_wconf 86' lang='grc' dir='ltr'>κατὰ</span> <span class='ocrx_word' id='word_1_79' title='bbox 2168 1510 2398 1590; x_wconf 90' lang='grc' dir='ltr'>θυμόν,</span> 
     </span>
     <span class='ocr_line' id='line_1_13' title="bbox 485 1607 2476 1691; baseline 0.003 -19"><span class='ocrx_word' id='word_1_80' title='bbox 485 1615 605 1673; x_wconf 88' lang='grc'>170</span> <span class='ocrx_word' id='word_1_81' title='bbox 648 1610 778 1688; x_wconf 87' lang='grc' dir='ltr'>τρὶς</span> <span class='ocrx_word' id='word_1_82' title='bbox 825 1609 882 1674; x_wconf 85' lang='grc' dir='ltr'>δ’</span> <span class='ocrx_word' id='word_1_83' title='bbox 925 1608 1026 1688; x_wconf 82' lang='grc' dir='ltr'>ἄρ’</span> <span class='ocrx_word' id='word_1_84' title='bbox 1070 1607 1181 1673; x_wconf 83' lang='grc' dir='ltr'>ἀπ’</span> <span class='ocrx_word' id='word_1_85' title='bbox 1225 1609 1468 1674; x_wconf 91' lang='grc' dir='ltr'>Ἰδαίων</span> <span class='ocrx_word' id='word_1_86' title='bbox 1512 1608 1726 1687; x_wconf 87' lang='grc' dir='ltr'>ὀρέων</span> <span class='ocrx_word' id='word_1_87' title='bbox 1771 1610 1966 1675; x_wconf 86' lang='grc' dir='ltr'>κτύπε</span> <span class='ocrx_word' id='word_1_88' title='bbox 2012 1611 2269 1691; x_wconf 90' lang='grc' dir='ltr'>μητίετα</span> <span class='ocrx_word' id='word_1_89' title='bbox 2309 1611 2476 1678; x_wconf 87' lang='grc' dir='ltr'>Ζεὺς</span> 
     </span>
     <span class='ocr_line' id='line_1_14' title="bbox 646 1710 2259 1803; baseline -0.001 -27"><span class='ocrx_word' id='word_1_90' title='bbox 646 1715 810 1792; x_wconf 90' lang='grc' dir='ltr'>ςῆμα</span> <span class='ocrx_word' id='word_1_91' title='bbox 851 1711 1041 1803; x_wconf 79' lang='grc' dir='ltr'>τιθεὶς</span> <span class='ocrx_word' id='word_1_92' title='bbox 1082 1712 1390 1794; x_wconf 88' lang='grc' dir='ltr'>Τρώεςςι,</span> <span class='ocrx_word' id='word_1_93' title='bbox 1435 1710 1638 1792; x_wconf 86' lang='grc' dir='ltr'>μάχης</span> <span class='ocrx_word' id='word_1_94' title='bbox 1681 1711 2020 1793; x_wconf 90' lang='grc' dir='ltr'>ἑτεραλκέα</span> <span class='ocrx_word' id='word_1_95' title='bbox 2062 1712 2259 1792; x_wconf 90' lang='grc' dir='ltr'>νίκην.</span> 
     </span>
     <span class='ocr_line' id='line_1_15' title="bbox 648 1811 2271 1895; baseline -0.001 -16"><span class='ocrx_word' id='word_1_96' title='bbox 648 1815 890 1894; x_wconf 84' lang='grc' dir='ltr'>Ἕκτωρ</span> <span class='ocrx_word' id='word_1_97' title='bbox 935 1815 1007 1879; x_wconf 81' lang='grc' dir='ltr'>δὲ</span> <span class='ocrx_word' id='word_1_98' title='bbox 1051 1811 1370 1893; x_wconf 82' lang='grc' dir='ltr'>Τρώεςςιν</span> <span class='ocrx_word' id='word_1_99' title='bbox 1416 1813 1712 1878; x_wconf 80' lang='grc' dir='ltr'>ἐκέκλετο</span> <span class='ocrx_word' id='word_1_100' title='bbox 1758 1815 2003 1895; x_wconf 88' lang='grc' dir='ltr'>μακρὸν</span> <span class='ocrx_word' id='word_1_101' title='bbox 2046 1814 2271 1880; x_wconf 88' lang='grc' dir='ltr'>ἀύςας·</span> 
     </span>
     <span class='ocr_line' id='line_1_16' title="bbox 815 1902 2444 1999; baseline 0.001 -19"><span class='ocrx_word' id='word_1_102' title='bbox 815 1916 1032 1993; x_wconf 85' lang='grc' dir='ltr'>Τρῶες</span> <span class='ocrx_word' id='word_1_103' title='bbox 1076 1916 1177 1981; x_wconf 88' lang='grc' dir='ltr'>καὶ</span> <span class='ocrx_word' id='word_1_104' title='bbox 1219 1915 1435 1981; x_wconf 88' lang='grc' dir='ltr'>Λύκιοι</span> <span class='ocrx_word' id='word_1_105' title='bbox 1479 1902 1584 1980; x_wconf 79' lang='grc' dir='ltr'>καὶ</span> <span class='ocrx_word' id='word_1_106' title='bbox 1627 1916 1961 1995; x_wconf 88' lang='grc' dir='ltr'>Δάρδανοι</span> <span class='ocrx_word' id='word_1_107' title='bbox 2005 1917 2444 1999; x_wconf 86' lang='grc' dir='ltr'>ἀγχιμαχηταί,</span> 
     </span>
     <span class='ocr_line' id='line_1_17' title="bbox 649 2017 2425 2100; baseline -0.001 -17"><span class='ocrx_word' id='word_1_108' title='bbox 649 2018 875 2097; x_wconf 89' lang='grc' dir='ltr'>ἀνέρες</span> <span class='ocrx_word' id='word_1_109' title='bbox 920 2017 1085 2099; x_wconf 85' lang='grc' dir='ltr'>ἔςτε,</span> <span class='ocrx_word' id='word_1_110' title='bbox 1132 2018 1348 2100; x_wconf 92' lang='grc' dir='ltr'>φίλοι,</span> <span class='ocrx_word' id='word_1_111' title='bbox 1391 2017 1702 2096; x_wconf 90' lang='grc' dir='ltr'>μνήςαςθε</span> <span class='ocrx_word' id='word_1_112' title='bbox 1747 2018 1817 2082; x_wconf 81' lang='grc' dir='ltr'>δὲ</span> <span class='ocrx_word' id='word_1_113' title='bbox 1860 2019 2161 2096; x_wconf 75' lang='grc' dir='ltr'>θούριδος</span> <span class='ocrx_word' id='word_1_114' title='bbox 2205 2018 2425 2096; x_wconf 83' lang='grc' dir='ltr'>ἀλκῆς·</span> 
     </span>
     <span class='ocr_line' id='line_1_18' title="bbox 485 2116 2453 2198; baseline 0.002 -17"><span class='ocrx_word' id='word_1_115' title='bbox 485 2126 602 2183; x_wconf 86' lang='grc'>175</span> <span class='ocrx_word' id='word_1_116' title='bbox 649 2120 978 2197; x_wconf 86' lang='grc' dir='ltr'>γιγνώςκω</span> <span class='ocrx_word' id='word_1_117' title='bbox 1023 2118 1082 2183; x_wconf 78' lang='grc' dir='ltr'>δ’</span> <span class='ocrx_word' id='word_1_118' title='bbox 1125 2116 1224 2183; x_wconf 87' lang='grc' dir='ltr'>ὅτι</span> <span class='ocrx_word' id='word_1_119' title='bbox 1269 2138 1376 2198; x_wconf 92' lang='grc' dir='ltr'>μοι</span> <span class='ocrx_word' id='word_1_120' title='bbox 1419 2118 1740 2197; x_wconf 89' lang='grc' dir='ltr'>πρόφρων</span> <span class='ocrx_word' id='word_1_121' title='bbox 1785 2120 2117 2184; x_wconf 88' lang='grc' dir='ltr'>κατένευςε</span> <span class='ocrx_word' id='word_1_122' title='bbox 2167 2119 2453 2198; x_wconf 86' lang='grc' dir='ltr'>Κρονίων</span> 
     </span>
     <span class='ocr_line' id='line_1_19' title="bbox 649 2219 2371 2301; baseline -0.001 -15"><span class='ocrx_word' id='word_1_123' title='bbox 649 2221 828 2300; x_wconf 88' lang='grc' dir='ltr'>νίκην</span> <span class='ocrx_word' id='word_1_124' title='bbox 874 2221 976 2284; x_wconf 86' lang='grc' dir='ltr'>καὶ</span> <span class='ocrx_word' id='word_1_125' title='bbox 1018 2219 1179 2299; x_wconf 84' lang='grc' dir='ltr'>μέγα</span> <span class='ocrx_word' id='word_1_126' title='bbox 1222 2223 1442 2301; x_wconf 85' lang='grc' dir='ltr'>κῦδος,</span> <span class='ocrx_word' id='word_1_127' title='bbox 1487 2219 1648 2298; x_wconf 86' lang='grc' dir='ltr'>ἀτὰρ</span> <span class='ocrx_word' id='word_1_128' title='bbox 1692 2221 2008 2285; x_wconf 87' lang='grc' dir='ltr'>Δαναοῖςί</span> <span class='ocrx_word' id='word_1_129' title='bbox 2050 2240 2123 2296; x_wconf 91' lang='grc' dir='ltr'>γε</span> <span class='ocrx_word' id='word_1_130' title='bbox 2168 2224 2371 2300; x_wconf 86' lang='grc' dir='ltr'>πῆμα·</span> 
     </span>
     <span class='ocr_line' id='line_1_20' title="bbox 648 2318 2217 2404; baseline -0.001 -16"><span class='ocrx_word' id='word_1_131' title='bbox 648 2323 899 2404; x_wconf 85' lang='grc' dir='ltr'>νήπιοι,</span> <span class='ocrx_word' id='word_1_132' title='bbox 944 2322 1011 2385; x_wconf 96' lang='grc' dir='ltr'>οι</span> <span class='ocrx_word' id='word_1_133' title='bbox 1052 2318 1179 2401; x_wconf 83' lang='grc' dir='ltr'>ἄρα</span> <span class='ocrx_word' id='word_1_134' title='bbox 1220 2321 1300 2400; x_wconf 89' lang='grc' dir='ltr'>δὴ</span> <span class='ocrx_word' id='word_1_135' title='bbox 1343 2320 1498 2385; x_wconf 87' lang='grc' dir='ltr'>τάδε</span> <span class='ocrx_word' id='word_1_136' title='bbox 1539 2320 1752 2399; x_wconf 89' lang='grc' dir='ltr'>τείχεα</span> <span class='ocrx_word' id='word_1_137' title='bbox 1794 2321 2217 2400; x_wconf 87' lang='grc' dir='ltr'>μηχανόωντο</span> 
     </span>
     <span class='ocr_line' id='line_1_21' title="bbox 647 2420 2474 2505; baseline 0.001 -17"><span class='ocrx_word' id='word_1_138' title='bbox 647 2423 910 2505; x_wconf 81' lang='grc' dir='ltr'>ἀβλήχρ’</span> <span class='ocrx_word' id='word_1_139' title='bbox 954 2420 1401 2500; x_wconf 86' lang='grc' dir='ltr'>οὐδενόςωρα·</span> <span class='ocrx_word' id='word_1_140' title='bbox 1447 2422 1528 2485; x_wconf 88' lang='grc' dir='ltr'>τὰ</span> <span class='ocrx_word' id='word_1_141' title='bbox 1571 2421 1630 2485; x_wconf 77' lang='grc' dir='ltr'>δ’</span> <span class='ocrx_word' id='word_1_142' title='bbox 1673 2423 1754 2488; x_wconf 90' lang='grc' dir='ltr'>ού</span> <span class='ocrx_word' id='word_1_143' title='bbox 1795 2424 1989 2505; x_wconf 89' lang='grc' dir='ltr'>μένος</span> <span class='ocrx_word' id='word_1_144' title='bbox 2033 2423 2199 2503; x_wconf 87' lang='grc' dir='ltr'>ἁμὸν</span> <span class='ocrx_word' id='word_1_145' title='bbox 2242 2425 2474 2505; x_wconf 89' lang='grc' dir='ltr'>ἐρύξει·</span> 
     </span>
    </p>
   </div>
   <div class='ocr_carea' id='block_1_3' title="bbox 614 2557 2758 2628">
    <p class='ocr_par' dir='ltr' id='par_1_3' title="bbox 614 2557 2758 2628">
     <span class='ocr_line' id='line_1_22' title="bbox 614 2557 2758 2628; baseline 0.001 -17"><span class='ocrx_word' id='word_1_146' title='bbox 614 2559 682 2612; x_wconf 89' lang='lat' dir='ltr'>V.</span> <span class='ocrx_word' id='word_1_147' title='bbox 725 2578 774 2616; x_wconf 83' lang='grc' dir='ltr'>ι..</span> <span class='ocrx_word' id='word_1_148' title='bbox 833 2564 927 2612; x_wconf 88' lang='grc'>160</span> <span class='ocrx_word' id='word_1_149' title='bbox 961 2558 1053 2611; x_wconf 88' lang='grc' dir='ltr'>ἐπι</span> <span class='ocrx_word' id='word_1_150' title='bbox 1088 2557 1153 2610; x_wconf 98' lang='lat' dir='ltr'>A.</span> <span class='ocrx_word' id='word_1_151' title='bbox 1202 2557 1343 2623; x_wconf 86' lang='grc' dir='ltr'>μέγα</span> <span class='ocrx_word' id='word_1_152' title='bbox 1387 2557 1750 2624; x_wconf 88' lang='grc' dir='ltr'>κορυθαιόλος</span> <span class='ocrx_word' id='word_1_153' title='bbox 1788 2558 1848 2611; x_wconf 85' lang='grc' dir='ltr'><strong>Ε.</strong></span> <span class='ocrx_word' id='word_1_154' title='bbox 1894 2561 2261 2627; x_wconf 87' lang='grc' dir='ltr'>κορυθαιόλος</span> <span class='ocrx_word' id='word_1_155' title='bbox 2295 2563 2359 2618; x_wconf 89' lang='lat' dir='ltr'>A.</span> <span class='ocrx_word' id='word_1_156' title='bbox 2395 2589 2460 2598; x_wconf 94' lang='lat'><strong>—</strong></span> <span class='ocrx_word' id='word_1_157' title='bbox 2501 2566 2590 2613; x_wconf 88' lang='grc'>161</span> <span class='ocrx_word' id='word_1_158' title='bbox 2631 2564 2758 2628; x_wconf 76' lang='grc' dir='ltr'>περὶ</span> 
     </span>
    </p>
   </div>
   <div class='ocr_carea' id='block_1_4' title="bbox 476 2627 2760 3338">
    <p class='ocr_par' dir='ltr' id='par_1_4' title="bbox 476 2627 2760 3338">
     <span class='ocr_line' id='line_1_23' title="bbox 478 2627 2752 2730; baseline 0 -16"><span class='ocrx_word' id='word_1_159' title='bbox 478 2660 647 2718; x_wconf 84' lang='lat' dir='ltr'><strong>AcD.</strong></span> <span class='ocrx_word' id='word_1_160' title='bbox 687 2662 794 2729; x_wconf 72' lang='grc' dir='ltr'>πέρ</span> <span class='ocrx_word' id='word_1_161' title='bbox 799 2678 815 2714; x_wconf 81' lang='grc' dir='ltr'>ι</span> <span class='ocrx_word' id='word_1_162' title='bbox 851 2658 1061 2713; x_wconf 81' lang='lat' dir='ltr'><strong>EGHI.</strong></span> <span class='ocrx_word' id='word_1_163' title='bbox 1106 2688 1172 2698; x_wconf 90' lang='lat'><em>-</em></span> <span class='ocrx_word' id='word_1_164' title='bbox 1219 2665 1315 2713; x_wconf 76' lang='lat'>16⁶2</span> <span class='ocrx_word' id='word_1_165' title='bbox 1351 2660 1445 2726; x_wconf 68' lang='grc' dir='ltr'>ἐδρ</span> <span class='ocrx_word' id='word_1_166' title='bbox 1486 2659 1606 2712; x_wconf 93' lang='lat' dir='ltr'>D.</span> <span class='ocrx_word' id='word_1_167' title='bbox 1645 2660 1865 2727; x_wconf 69' lang='grc' dir='ltr'>κρέαειν</span> <span class='ocrx_word' id='word_1_168' title='bbox 1901 2677 1965 2715; x_wconf 77' lang='grc' dir='ltr'>τε</span> <span class='ocrx_word' id='word_1_169' title='bbox 2003 2627 2425 2716; x_wconf 63' lang='grc' dir='ltr'>ιῒὲἈοιιΕΗι..</span> <span class='ocrx_word' id='word_1_170' title='bbox 2464 2664 2518 2716; x_wconf 74' lang='grc' dir='ltr'>τ</span> <span class='ocrx_word' id='word_1_171' title='bbox 2554 2664 2653 2730; x_wconf 62' lang='grc' dir='ltr'>ἠδὲ</span> <span class='ocrx_word' id='word_1_172' title='bbox 2689 2661 2752 2715; x_wconf 85' lang='lat' dir='ltr'>G</span> 
     </span>
     <span class='ocr_line' id='line_1_24' title="bbox 476 2675 2760 2796; baseline -0 -11"><span class='ocrx_word' id='word_1_173' title='bbox 476 2730 730 2785; x_wconf 87' lang='grc' dir='ltr'>δεπάεςςι</span> <span class='ocrx_word' id='word_1_174' title='bbox 762 2679 1074 2783; x_wconf 88' lang='lat' dir='ltr'><strong>ACDEHL.</strong></span> <span class='ocrx_word' id='word_1_175' title='bbox 1121 2757 1185 2765; x_wconf 93' lang='lat'><em>-</em></span> <span class='ocrx_word' id='word_1_176' title='bbox 1235 2734 1330 2782; x_wconf 86' lang='grc'>163</span> <span class='ocrx_word' id='word_1_177' title='bbox 1365 2728 1436 2795; x_wconf 83' lang='grc' dir='ltr'>ἂρ</span> <span class='ocrx_word' id='word_1_178' title='bbox 1413 2675 1582 2783; x_wconf 60' lang='lat' dir='ltr'><strong>p&#39;bL.</strong></span> <span class='ocrx_word' id='word_1_179' title='bbox 1626 2729 1695 2795; x_wconf 82' lang='grc' dir='ltr'>ἀρ</span> <span class='ocrx_word' id='word_1_180' title='bbox 1731 2727 2038 2796; x_wconf 43' lang='lat' dir='ltr'>1³4&amp;th</span> <span class='ocrx_word' id='word_1_181' title='bbox 2082 2731 2208 2784; x_wconf 88' lang='grc' dir='ltr'>ἄντι</span> <span class='ocrx_word' id='word_1_182' title='bbox 2242 2730 2440 2784; x_wconf 84' lang='grc' dir='ltr'>τέτυξο</span> <span class='ocrx_word' id='word_1_183' title='bbox 2475 2728 2596 2783; x_wconf 90' lang='lat' dir='ltr'>DH.</span> <span class='ocrx_word' id='word_1_184' title='bbox 2633 2731 2760 2784; x_wconf 84' lang='grc' dir='ltr'>ἀντ’</span> 
     </span>
     <span class='ocr_line' id='line_1_25' title="bbox 478 2730 2757 2864; baseline -0.001 -12"><span class='ocrx_word' id='word_1_185' title='bbox 478 2800 708 2853; x_wconf 83' lang='grc' dir='ltr'>ἐτέτυξο</span> <span class='ocrx_word' id='word_1_186' title='bbox 744 2796 844 2849; x_wconf 87' lang='lat' dir='ltr'>AG</span> <span class='ocrx_word' id='word_1_187' title='bbox 880 2795 1025 2864; x_wconf 79' lang='lat' dir='ltr'><strong>Lips</strong></span> <span class='ocrx_word' id='word_1_188' title='bbox 1062 2796 1397 2850; x_wconf 85' lang='grc' dir='ltr'>ἀντετέτυξο</span> <span class='ocrx_word' id='word_1_189' title='bbox 1402 2744 1566 2850; x_wconf 77' lang='grc' dir='ltr'>ρΟΕΙ,</span> <span class='ocrx_word' id='word_1_190' title='bbox 1602 2794 1689 2849; x_wconf 77' lang='lat' dir='ltr'>Et.</span> <span class='ocrx_word' id='word_1_191' title='bbox 1726 2789 1842 2849; x_wconf 87' lang='lat' dir='ltr'>M.</span> <span class='ocrx_word' id='word_1_192' title='bbox 1829 2730 1999 2863; x_wconf 70' lang='grc' dir='ltr'>γ388,</span> <span class='ocrx_word' id='word_1_193' title='bbox 2040 2804 2118 2851; x_wconf 90' lang='grc'>10.</span> <span class='ocrx_word' id='word_1_194' title='bbox 2156 2797 2313 2851; x_wconf 75' lang='lat' dir='ltr'><strong>Eust.</strong></span> <span class='ocrx_word' id='word_1_195' title='bbox 2356 2804 2500 2864; x_wconf 87' lang='grc'><strong>1261,</strong></span> <span class='ocrx_word' id='word_1_196' title='bbox 2537 2804 2619 2852; x_wconf 77' lang='grc'>64.</span> <span class='ocrx_word' id='word_1_197' title='bbox 2663 2799 2757 2851; x_wconf 83' lang='grc' dir='ltr'>ἀν</span> 
     </span>
     <span class='ocr_line' id='line_1_26' title="bbox 476 2864 2758 2948; baseline 0 -29"><span class='ocrx_word' id='word_1_198' title='bbox 476 2868 730 2921; x_wconf 84' lang='grc' dir='ltr'>τιτέτυξο</span> <span class='ocrx_word' id='word_1_199' title='bbox 767 2865 935 2919; x_wconf 81' lang='lat' dir='ltr'><strong>Mose.</strong></span> <span class='ocrx_word' id='word_1_200' title='bbox 975 2870 1020 2920; x_wconf 94' lang='grc'>1.</span> <span class='ocrx_word' id='word_1_201' title='bbox 1061 2894 1119 2901; x_wconf 92' lang='lat'>-—</span> <span class='ocrx_word' id='word_1_202' title='bbox 1163 2870 1258 2917; x_wconf 92' lang='grc'>166</span> <span class='ocrx_word' id='word_1_203' title='bbox 1294 2866 1472 2930; x_wconf 87' lang='grc' dir='ltr'>πάρος</span> <span class='ocrx_word' id='word_1_204' title='bbox 1508 2864 1616 2948; x_wconf 56' lang='grc' dir='ltr'>γάρ</span> <span class='ocrx_word' id='word_1_205' title='bbox 1652 2881 1741 2917; x_wconf 89' lang='grc' dir='ltr'>τοι</span> <span class='ocrx_word' id='word_1_206' title='bbox 1885 2894 1951 2904; x_wconf 89' lang='grc'><strong>-</strong></span> <span class='ocrx_word' id='word_1_207' title='bbox 2001 2870 2093 2919; x_wconf 88' lang='grc'>167</span> <span class='ocrx_word' id='word_1_208' title='bbox 2131 2870 2284 2932; x_wconf 81' lang='grc' dir='ltr'>φᾶτο</span> <span class='ocrx_word' id='word_1_209' title='bbox 2318 2864 2383 2918; x_wconf 90' lang='lat' dir='ltr'><strong>D.</strong></span> <span class='ocrx_word' id='word_1_210' title='bbox 2430 2868 2758 2933; x_wconf 84' lang='grc' dir='ltr'>μερμήριζεν</span> 
     </span>
     <span class='ocr_line' id='line_1_27' title="bbox 476 2931 2755 3002; baseline -0.002 -14"><span class='ocrx_word' id='word_1_211' title='bbox 476 2934 577 2988; x_wconf 93' lang='lat' dir='ltr'>LS.</span> <span class='ocrx_word' id='word_1_212' title='bbox 617 2935 912 3001; x_wconf 80' lang='grc' dir='ltr'>μερμήριζε</span> <span class='ocrx_word' id='word_1_213' title='bbox 949 2932 1107 2987; x_wconf 74' lang='lat' dir='ltr'><strong>Cant.</strong></span> <span class='ocrx_word' id='word_1_214' title='bbox 1145 2932 1282 2986; x_wconf 84' lang='lat' dir='ltr'><strong>Mor.</strong></span> <span class='ocrx_word' id='word_1_215' title='bbox 1326 2962 1394 2971; x_wconf 89' lang='lat'><em>-</em></span> <span class='ocrx_word' id='word_1_216' title='bbox 1443 2937 1537 2985; x_wconf 90' lang='grc'>168</span> <span class='ocrx_word' id='word_1_217' title='bbox 1572 2949 1782 2986; x_wconf 89' lang='grc' dir='ltr'>ιππους</span> <span class='ocrx_word' id='word_1_218' title='bbox 1826 2933 1889 2986; x_wconf 86' lang='grc' dir='ltr'>τὲ</span> <span class='ocrx_word' id='word_1_219' title='bbox 1925 2931 1982 2986; x_wconf 88' lang='lat' dir='ltr'>C.</span> <span class='ocrx_word' id='word_1_220' title='bbox 2020 2950 2086 2988; x_wconf 89' lang='grc' dir='ltr'>τε</span> <span class='ocrx_word' id='word_1_221' title='bbox 2131 2933 2313 2987; x_wconf 75' lang='lat' dir='ltr'><strong>omitt.</strong></span> <span class='ocrx_word' id='word_1_222' title='bbox 2351 2933 2411 2986; x_wconf 93' lang='lat' dir='ltr'>L.</span> <span class='ocrx_word' id='word_1_223' title='bbox 2453 2951 2488 2987; x_wconf 90' lang='grc' dir='ltr'>τ</span> <span class='ocrx_word' id='word_1_224' title='bbox 2525 2935 2597 3002; x_wconf 84' lang='grc' dir='ltr'>έψ</span> <span class='ocrx_word' id='word_1_225' title='bbox 2599 2951 2655 2988; x_wconf 91' lang='grc' dir='ltr'>αι</span> <span class='ocrx_word' id='word_1_226' title='bbox 2691 2932 2755 2986; x_wconf 93' lang='lat' dir='ltr'>D.</span> 
     </span>
     <span class='ocr_line' id='line_1_28' title="bbox 479 2953 2755 3069; baseline -0.001 -12"><span class='ocrx_word' id='word_1_227' title='bbox 479 3005 570 3057; x_wconf 79' lang='grc' dir='ltr'>καὶ</span> <span class='ocrx_word' id='word_1_228' title='bbox 604 3004 859 3068; x_wconf 80' lang='grc' dir='ltr'>ἀντῖβῖον</span> <span class='ocrx_word' id='word_1_229' title='bbox 894 2999 964 3053; x_wconf 90' lang='grc' dir='ltr'>Η.</span> <span class='ocrx_word' id='word_1_230' title='bbox 998 3030 1062 3039; x_wconf 90' lang='lat'><em>-</em></span> <span class='ocrx_word' id='word_1_231' title='bbox 1106 3006 1198 3054; x_wconf 84' lang='grc'>169</span> <span class='ocrx_word' id='word_1_232' title='bbox 1244 3000 1540 3066; x_wconf 85' lang='grc' dir='ltr'>μερμήριζε</span> <span class='ocrx_word' id='word_1_233' title='bbox 1577 2999 1632 3052; x_wconf 89' lang='lat' dir='ltr'>S.</span> <span class='ocrx_word' id='word_1_234' title='bbox 1679 3016 1821 3053; x_wconf 88' lang='grc' dir='ltr'>κατα</span> <span class='ocrx_word' id='word_1_235' title='bbox 1865 2999 1950 3053; x_wconf 79' lang='lat' dir='ltr'>bis</span> <span class='ocrx_word' id='word_1_236' title='bbox 1984 3001 2048 3053; x_wconf 93' lang='lat' dir='ltr'><strong>A.</strong></span> <span class='ocrx_word' id='word_1_237' title='bbox 2088 3032 2156 3040; x_wconf 93' lang='lat'><strong>—</strong></span> <span class='ocrx_word' id='word_1_238' title='bbox 2194 3007 2290 3056; x_wconf 88' lang='grc'>170</span> <span class='ocrx_word' id='word_1_239' title='bbox 2329 3003 2400 3069; x_wconf 81' lang='grc' dir='ltr'>ἂρ</span> <span class='ocrx_word' id='word_1_240' title='bbox 2435 3001 2549 3058; x_wconf 94' lang='lat' dir='ltr'>D.</span> <span class='ocrx_word' id='word_1_241' title='bbox 2554 2953 2655 3069; x_wconf 76' lang='grc' dir='ltr'>ψἀρ</span> <span class='ocrx_word' id='word_1_242' title='bbox 2689 3002 2755 3055; x_wconf 89' lang='lat' dir='ltr'>A.</span> 
     </span>
     <span class='ocr_line' id='line_1_29' title="bbox 480 3066 2756 3139; baseline -0.001 -14"><span class='ocrx_word' id='word_1_243' title='bbox 480 3072 646 3125; x_wconf 79' lang='grc' dir='ltr'>ίδέων</span> <span class='ocrx_word' id='word_1_244' title='bbox 681 3068 744 3124; x_wconf 82' lang='lat' dir='ltr'>G.</span> <span class='ocrx_word' id='word_1_245' title='bbox 790 3086 873 3136; x_wconf 92' lang='grc' dir='ltr'>γρ.</span> <span class='ocrx_word' id='word_1_246' title='bbox 921 3070 1011 3123; x_wconf 81' lang='grc' dir='ltr'>καὶ</span> <span class='ocrx_word' id='word_1_247' title='bbox 1056 3070 1148 3122; x_wconf 87' lang='grc' dir='ltr'>ἐπ’</span> <span class='ocrx_word' id='word_1_248' title='bbox 1194 3067 1391 3122; x_wconf 78' lang='grc' dir='ltr'>ἰδαίων</span> <span class='ocrx_word' id='word_1_249' title='bbox 1435 3069 1500 3120; x_wconf 84' lang='lat' dir='ltr'>A.</span> <span class='ocrx_word' id='word_1_250' title='bbox 1547 3066 1782 3134; x_wconf 88' lang='grc' dir='ltr'>μητιέτα</span> <span class='ocrx_word' id='word_1_251' title='bbox 1816 3066 1872 3121; x_wconf 89' lang='lat' dir='ltr'>L.</span> <span class='ocrx_word' id='word_1_252' title='bbox 1918 3099 1984 3108; x_wconf 89' lang='lat'>—</span> <span class='ocrx_word' id='word_1_253' title='bbox 2035 3074 2121 3122; x_wconf 85' lang='grc'>171</span> <span class='ocrx_word' id='word_1_254' title='bbox 2171 3072 2404 3139; x_wconf 83' lang='grc' dir='ltr'>τρῴεςςι</span> <span class='ocrx_word' id='word_1_255' title='bbox 2438 3068 2500 3122; x_wconf 88' lang='lat' dir='ltr'>L.</span> <span class='ocrx_word' id='word_1_256' title='bbox 2546 3100 2611 3108; x_wconf 89' lang='lat'>—</span> <span class='ocrx_word' id='word_1_257' title='bbox 2662 3074 2756 3123; x_wconf 89' lang='grc'>172</span> 
     </span>
     <span class='ocr_line' id='line_1_30' title="bbox 477 3133 2755 3207; baseline -0 -16"><span class='ocrx_word' id='word_1_258' title='bbox 477 3141 744 3207; x_wconf 82' lang='grc' dir='ltr'>τρῲεςςιν</span> <span class='ocrx_word' id='word_1_259' title='bbox 778 3136 837 3188; x_wconf 92' lang='lat' dir='ltr'>L.</span> <span class='ocrx_word' id='word_1_260' title='bbox 875 3171 936 3179; x_wconf 86' lang='lat'><em>-</em></span> <span class='ocrx_word' id='word_1_261' title='bbox 977 3141 1073 3189; x_wconf 85' lang='grc'>173</span> <span class='ocrx_word' id='word_1_262' title='bbox 1108 3153 1139 3187; x_wconf 90' lang='grc' dir='ltr'>τ</span> <span class='ocrx_word' id='word_1_263' title='bbox 1179 3140 1290 3200; x_wconf 83' lang='grc' dir='ltr'>ῷες</span> <span class='ocrx_word' id='word_1_264' title='bbox 1324 3133 1385 3187; x_wconf 93' lang='lat' dir='ltr'>L.</span> <span class='ocrx_word' id='word_1_265' title='bbox 1423 3163 1487 3172; x_wconf 86' lang='lat'>·-</span> <span class='ocrx_word' id='word_1_266' title='bbox 1528 3140 1625 3187; x_wconf 82' lang='grc'>174</span> <span class='ocrx_word' id='word_1_267' title='bbox 1658 3134 1854 3201; x_wconf 82' lang='grc' dir='ltr'>ἀνέρες</span> <span class='ocrx_word' id='word_1_268' title='bbox 1889 3137 2010 3191; x_wconf 82' lang='grc' dir='ltr'>ἐςτὲ</span> <span class='ocrx_word' id='word_1_269' title='bbox 2035 3136 2191 3192; x_wconf 85' lang='grc' dir='ltr'><strong>ΟΗΙ,.</strong></span> <span class='ocrx_word' id='word_1_270' title='bbox 2226 3168 2294 3177; x_wconf 92' lang='grc'><strong>-</strong></span> <span class='ocrx_word' id='word_1_271' title='bbox 2332 3142 2427 3192; x_wconf 78' lang='grc'>176</span> <span class='ocrx_word' id='word_1_272' title='bbox 2461 3138 2755 3202; x_wconf 83' lang='grc' dir='ltr'>γιγνώςκω</span> 
     </span>
     <span class='ocr_line' id='line_1_31' title="bbox 479 3201 2753 3273; baseline -0.001 -14"><span class='ocrx_word' id='word_1_273' title='bbox 479 3206 548 3259; x_wconf 92' lang='lat' dir='ltr'><strong>L:</strong></span> <span class='ocrx_word' id='word_1_274' title='bbox 586 3207 844 3271; x_wconf 85' lang='grc' dir='ltr'>γινώςκω</span> <span class='ocrx_word' id='word_1_275' title='bbox 891 3201 1130 3257; x_wconf 85' lang='lat' dir='ltr'><strong>ACDEG</strong></span> <span class='ocrx_word' id='word_1_276' title='bbox 1246 3231 1314 3241; x_wconf 93' lang='lat'>-</span> <span class='ocrx_word' id='word_1_277' title='bbox 1360 3207 1457 3256; x_wconf 91' lang='grc'>177</span> <span class='ocrx_word' id='word_1_278' title='bbox 1493 3202 1653 3255; x_wconf 75' lang='grc' dir='ltr'>τάδεε</span> <span class='ocrx_word' id='word_1_279' title='bbox 1700 3203 1837 3268; x_wconf 84' lang='grc' dir='ltr'>τάγε</span> <span class='ocrx_word' id='word_1_280' title='bbox 1885 3203 2110 3259; x_wconf 82' lang='lat' dir='ltr'><strong>Barooc.</strong></span> <span class='ocrx_word' id='word_1_281' title='bbox 2158 3206 2530 3273; x_wconf 88' lang='grc' dir='ltr'>μηχανόωντο</span> <span class='ocrx_word' id='word_1_282' title='bbox 2575 3203 2667 3257; x_wconf 88' lang='lat' dir='ltr'>AC</span> <span class='ocrx_word' id='word_1_283' title='bbox 2703 3211 2753 3259; x_wconf 92' lang='grc'>2.</span> 
     </span>
     <span class='ocr_line' id='line_1_32' title="bbox 479 3269 2753 3338; baseline -0.001 -12"><span class='ocrx_word' id='word_1_284' title='bbox 479 3290 627 3327; x_wconf 82' lang='lat' dir='ltr'><strong>man.</strong></span> <span class='ocrx_word' id='word_1_285' title='bbox 663 3271 786 3325; x_wconf 89' lang='lat' dir='ltr'>D1.</span> <span class='ocrx_word' id='word_1_286' title='bbox 823 3287 972 3325; x_wconf 85' lang='lat' dir='ltr'><strong>man.</strong></span> <span class='ocrx_word' id='word_1_287' title='bbox 998 3269 1165 3324; x_wconf 86' lang='lat' dir='ltr'>GHS·</span> <span class='ocrx_word' id='word_1_288' title='bbox 1202 3271 1601 3338; x_wconf 85' lang='grc' dir='ltr'>μηχανόωνται</span> <span class='ocrx_word' id='word_1_289' title='bbox 1637 3269 1749 3324; x_wconf 89' lang='lat' dir='ltr'>Cl.</span> <span class='ocrx_word' id='word_1_290' title='bbox 1779 3288 1925 3329; x_wconf 81' lang='lat' dir='ltr'>man</span> <span class='ocrx_word' id='word_1_291' title='bbox 1966 3272 2090 3328; x_wconf 79' lang='lat' dir='ltr'>D2.</span> <span class='ocrx_word' id='word_1_292' title='bbox 2114 3289 2261 3327; x_wconf 78' lang='lat' dir='ltr'><strong>man.</strong></span> <span class='ocrx_word' id='word_1_293' title='bbox 2287 3272 2501 3327; x_wconf 79' lang='lat' dir='ltr'><strong>Townl.</strong></span> <span class='ocrx_word' id='word_1_294' title='bbox 2533 3279 2573 3325; x_wconf 90' lang='lat'>1.</span> <span class='ocrx_word' id='word_1_295' title='bbox 2608 3288 2753 3325; x_wconf 78' lang='lat' dir='ltr'><strong>man.</strong></span> 
     </span>
    </p>
   </div>
   <div class='ocr_carea' id='block_1_5' title="bbox 571 2531 732 2538">
    <p class='ocr_par' dir='ltr' id='par_1_5' title="bbox 571 2531 732 2538">
     <span class='ocr_line' id='line_1_33' title="bbox 571 2531 732 2538; baseline 0 2468"><span class='ocrx_word' id='word_1_296' title='bbox 571 2531 732 2538; x_wconf 95' lang='lat' dir='ltr'> </span> 
     </span>
    </p>
   </div>
   <div class='ocr_carea' id='block_1_6' title="bbox 480 3369 2758 3510">
    <p class='ocr_par' dir='ltr' id='par_1_6' title="bbox 480 3369 2758 3510">
     <span class='ocr_line' id='line_1_34' title="bbox 480 3369 2758 3442; baseline -0.001 -14"><span class='ocrx_word' id='word_1_297' title='bbox 480 3391 876 3442; x_wconf 88' lang='grc' dir='ltr'>μηχανοωνται</span> <span class='ocrx_word' id='word_1_298' title='bbox 915 3370 977 3426; x_wconf 92' lang='lat' dir='ltr'>L.</span> <span class='ocrx_word' id='word_1_299' title='bbox 1014 3401 1079 3411; x_wconf 89' lang='lat'>—</span> <span class='ocrx_word' id='word_1_300' title='bbox 1119 3377 1214 3426; x_wconf 82' lang='lat'>178</span> <span class='ocrx_word' id='word_1_301' title='bbox 1259 3372 1492 3438; x_wconf 81' lang='grc' dir='ltr'>ἀβλῆχρ</span> <span class='ocrx_word' id='word_1_302' title='bbox 1535 3370 1638 3430; x_wconf 80' lang='lat' dir='ltr'>CL.</span> <span class='ocrx_word' id='word_1_303' title='bbox 1684 3369 1927 3441; x_wconf 83' lang='grc' dir='ltr'>ἀβληχρ</span> <span class='ocrx_word' id='word_1_304' title='bbox 1978 3375 2046 3431; x_wconf 88' lang='lat' dir='ltr'>A.</span> <span class='ocrx_word' id='word_1_305' title='bbox 2088 3374 2338 3441; x_wconf 82' lang='grc' dir='ltr'>ἀβληχρά</span> <span class='ocrx_word' id='word_1_306' title='bbox 2380 3372 2439 3426; x_wconf 92' lang='grc' dir='ltr'>Ε.</span> <span class='ocrx_word' id='word_1_307' title='bbox 2486 3374 2703 3439; x_wconf 88' lang='grc' dir='ltr'>ἀμβληχ</span> <span class='ocrx_word' id='word_1_308' title='bbox 2744 3375 2758 3393; x_wconf 82' lang='lat'>‘</span> 
     </span>
     <span class='ocr_line' id='line_1_35' title="bbox 480 3439 2756 3510; baseline -0.002 -13"><span class='ocrx_word' id='word_1_309' title='bbox 480 3444 544 3499; x_wconf 88' lang='lat' dir='ltr'>G.</span> <span class='ocrx_word' id='word_1_310' title='bbox 582 3443 813 3509; x_wconf 77' lang='grc' dir='ltr'>ἅβληχρ</span> <span class='ocrx_word' id='word_1_311' title='bbox 845 3439 1003 3494; x_wconf 78' lang='lat' dir='ltr'><strong>Vrat.</strong></span> <span class='ocrx_word' id='word_1_312' title='bbox 1048 3440 1102 3493; x_wconf 90' lang='lat' dir='ltr'>b.</span> <span class='ocrx_word' id='word_1_313' title='bbox 1145 3440 1503 3507; x_wconf 86' lang='grc' dir='ltr'>ούδενόςωρα</span> <span class='ocrx_word' id='word_1_314' title='bbox 1547 3441 1612 3494; x_wconf 92' lang='lat' dir='ltr'>A.</span> <span class='ocrx_word' id='word_1_315' title='bbox 1658 3442 1792 3495; x_wconf 81' lang='grc' dir='ltr'>οὐδὲ</span> <span class='ocrx_word' id='word_1_316' title='bbox 1835 3443 2058 3510; x_wconf 91' lang='grc' dir='ltr'>νόςωρα</span> <span class='ocrx_word' id='word_1_317' title='bbox 2095 3441 2160 3499; x_wconf 90' lang='lat' dir='ltr'>G.</span> <span class='ocrx_word' id='word_1_318' title='bbox 2206 3444 2354 3508; x_wconf 82' lang='grc' dir='ltr'>ἁμὸν</span> <span class='ocrx_word' id='word_1_319' title='bbox 2388 3439 2616 3495; x_wconf 82' lang='grc' dir='ltr'><strong>ΑΟΕΑ</strong></span> <span class='ocrx_word' id='word_1_320' title='bbox 2620 3456 2756 3509; x_wconf 87' lang='lat' dir='ltr'>po.</span> 
     </span>
    </p>
   </div>
   <div class='ocr_carea' id='block_1_7' title="bbox 479 3508 2226 3611">
    <p class='ocr_par' dir='ltr' id='par_1_7' title="bbox 479 3508 2226 3611">
     <span class='ocr_line' id='line_1_36' title="bbox 479 3508 2226 3611; baseline -0.002 -11"><span class='ocrx_word' id='word_1_321' title='bbox 479 3545 549 3600; x_wconf 82' lang='lat' dir='ltr'>de</span> <span class='ocrx_word' id='word_1_322' title='bbox 585 3543 749 3601; x_wconf 88' lang='lat' dir='ltr'><strong>Pron.</strong></span> <span class='ocrx_word' id='word_1_323' title='bbox 791 3549 886 3596; x_wconf 75' lang='lat'>142</span> <span class='ocrx_word' id='word_1_324' title='bbox 922 3542 987 3597; x_wconf 81' lang='lat' dir='ltr'>A.</span> <span class='ocrx_word' id='word_1_325' title='bbox 1022 3541 1208 3611; x_wconf 86' lang='lat' dir='ltr'><strong>Apoll.</strong></span> <span class='ocrx_word' id='word_1_326' title='bbox 1243 3508 1417 3595; x_wconf 81' lang='lat' dir='ltr'><strong>Lex,</strong></span> <span class='ocrx_word' id='word_1_327' title='bbox 1411 3548 1458 3607; x_wconf 90' lang='grc'>2,</span> <span class='ocrx_word' id='word_1_328' title='bbox 1494 3548 1577 3595; x_wconf 89' lang='grc'>22.</span> <span class='ocrx_word' id='word_1_329' title='bbox 1614 3541 1712 3595; x_wconf 74' lang='lat' dir='ltr'>alii</span> <span class='ocrx_word' id='word_1_330' title='bbox 1748 3544 1911 3608; x_wconf 87' lang='grc' dir='ltr'>ἀμὸν.</span> <span class='ocrx_word' id='word_1_331' title='bbox 1949 3544 2130 3610; x_wconf 86' lang='grc' dir='ltr'>ἐρύξοι</span> <span class='ocrx_word' id='word_1_332' title='bbox 2163 3542 2226 3599; x_wconf 97' lang='lat' dir='ltr'>L.</span> 
     </span>
    </p>
   </div>
   <div class='ocr_carea' id='block_1_8' title="bbox 475 3635 2758 4340">
    <p class='ocr_par' dir='ltr' id='par_1_8' title="bbox 475 3635 2758 4339">
     <span class='ocr_line' id='line_1_37' title="bbox 613 3635 2757 3730; baseline -0.001 -13"><span class='ocrx_word' id='word_1_333' title='bbox 613 3666 678 3718; x_wconf 89' lang='lat' dir='ltr'>A.</span> <span class='ocrx_word' id='word_1_334' title='bbox 714 3681 760 3716; x_wconf 86' lang='grc' dir='ltr'>ο.</span> <span class='ocrx_word' id='word_1_335' title='bbox 835 3667 929 3716; x_wconf 86' lang='grc'>163</span> <span class='ocrx_word' id='word_1_336' title='bbox 965 3635 1291 3728; x_wconf 85' lang='grc' dir='ltr'>ἀρίςταρχος</span> <span class='ocrx_word' id='word_1_337' title='bbox 1315 3680 1386 3717; x_wconf 89' lang='grc' dir='ltr'>αν</span> <span class='ocrx_word' id='word_1_338' title='bbox 1422 3667 1525 3716; x_wconf 85' lang='grc' dir='ltr'>τοῦ</span> <span class='ocrx_word' id='word_1_339' title='bbox 1552 3636 1750 3716; x_wconf 81' lang='grc' dir='ltr'>τέτυξο</span> <span class='ocrx_word' id='word_1_340' title='bbox 1775 3660 1895 3726; x_wconf 78' lang='lat' dir='ltr'><strong>(sic)</strong></span> <span class='ocrx_word' id='word_1_341' title='bbox 1923 3660 2097 3730; x_wconf 79' lang='lat' dir='ltr'><strong>Didy</strong></span> <span class='ocrx_word' id='word_1_342' title='bbox 2110 3679 2264 3715; x_wconf 81' lang='lat' dir='ltr'><strong>mus.</strong></span> <span class='ocrx_word' id='word_1_343' title='bbox 2303 3664 2392 3716; x_wconf 86' lang='grc' dir='ltr'>διὰ</span> <span class='ocrx_word' id='word_1_344' title='bbox 2425 3662 2575 3715; x_wconf 81' lang='grc' dir='ltr'>τοῦ</span> <span class='ocrx_word' id='word_1_345' title='bbox 2555 3678 2573 3715; x_wconf 93' lang='grc' dir='ltr'>ι</span> <span class='ocrx_word' id='word_1_346' title='bbox 2599 3663 2757 3726; x_wconf 84' lang='grc' dir='ltr'>εἶχον</span> 
     </span>
     <span class='ocr_line' id='line_1_38' title="bbox 478 3729 2757 3851; baseline -0.003 -62"><span class='ocrx_word' id='word_1_347' title='bbox 478 3735 536 3789; x_wconf 75' lang='grc' dir='ltr'>αἱ</span> <span class='ocrx_word' id='word_1_348' title='bbox 580 3734 822 3787; x_wconf 87' lang='grc' dir='ltr'>ἐκδόςεις</span> <span class='ocrx_word' id='word_1_349' title='bbox 870 3729 945 3794; x_wconf 91' lang='lat' dir='ltr'>(.h</span> <span class='ocrx_word' id='word_1_350' title='bbox 992 3745 1039 3783; x_wconf 83' lang='grc' dir='ltr'>ο.</span> <span class='ocrx_word' id='word_1_351' title='bbox 1091 3730 1147 3783; x_wconf 80' lang='grc' dir='ltr'>Ἀ</span> <span class='ocrx_word' id='word_1_352' title='bbox 1189 3729 1308 3851; x_wconf 74' lang='grc' dir='ltr'>ιοςτά</span> <span class='ocrx_word' id='word_1_353' title='bbox 1347 3732 1469 3797; x_wconf 91' lang='grc' dir='ltr'>χ)ου</span> <span class='ocrx_word' id='word_1_354' title='bbox 1449 3730 1859 3797; x_wconf 87' lang='grc' dir='ltr'>)ἀντιτέτυξο.</span> <span class='ocrx_word' id='word_1_355' title='bbox 1904 3732 1937 3783; x_wconf 87' lang='grc' dir='ltr'>ὁ</span> <span class='ocrx_word' id='word_1_356' title='bbox 1972 3730 2033 3783; x_wconf 85' lang='grc' dir='ltr'>δὲ</span> <span class='ocrx_word' id='word_1_357' title='bbox 2067 3731 2409 3796; x_wconf 90' lang='grc' dir='ltr'>Ἡρωδιανὸς</span> <span class='ocrx_word' id='word_1_358' title='bbox 2444 3730 2533 3783; x_wconf 87' lang='grc' dir='ltr'>διὰ</span> <span class='ocrx_word' id='word_1_359' title='bbox 2566 3734 2670 3783; x_wconf 84' lang='grc' dir='ltr'>τοῦ</span> <span class='ocrx_word' id='word_1_360' title='bbox 2707 3736 2757 3782; x_wconf 80' lang='grc' dir='ltr'>ε’</span> 
     </span>
     <span class='ocr_line' id='line_1_39' title="bbox 479 3749 2758 3874; baseline -0.003 -18"><span class='ocrx_word' id='word_1_361' title='bbox 479 3803 700 3857; x_wconf 87' lang='grc' dir='ltr'>ἐξέθετο</span> <span class='ocrx_word' id='word_1_362' title='bbox 736 3797 917 3855; x_wconf 83' lang='lat' dir='ltr'><strong>Schol.</strong></span> <span class='ocrx_word' id='word_1_363' title='bbox 953 3797 1143 3864; x_wconf 85' lang='lat' dir='ltr'><strong>BCL(</strong></span> <span class='ocrx_word' id='word_1_364' title='bbox 1347 3749 1567 3853; x_wconf 69' lang='lat' dir='ltr'><strong>xomitt.</strong></span> <span class='ocrx_word' id='word_1_365' title='bbox 1606 3798 1972 3874; x_wconf 83' lang='grc' dir='ltr'>ἀντιτέτυξο).</span> <span class='ocrx_word' id='word_1_366' title='bbox 2008 3796 2105 3850; x_wconf 84' lang='lat' dir='ltr'>alii</span> <span class='ocrx_word' id='word_1_367' title='bbox 2140 3799 2265 3850; x_wconf 85' lang='grc' dir='ltr'>ἄντι</span> <span class='ocrx_word' id='word_1_368' title='bbox 2300 3798 2516 3862; x_wconf 87' lang='grc' dir='ltr'>τέτυξο,</span> <span class='ocrx_word' id='word_1_369' title='bbox 2553 3797 2758 3865; x_wconf 76' lang='lat' dir='ltr'>quibus</span> 
     </span>
     <span class='ocr_line' id='line_1_40' title="bbox 478 3799 2757 3936; baseline -0.003 -11"><span class='ocrx_word' id='word_1_370' title='bbox 478 3868 803 3936; x_wconf 73' lang='lat' dir='ltr'>obloquitur</span> <span class='ocrx_word' id='word_1_371' title='bbox 838 3801 1224 3920; x_wconf 72' lang='lat' dir='ltr'>Herodianuso</span> <span class='ocrx_word' id='word_1_372' title='bbox 1243 3865 1380 3933; x_wconf 83' lang='lat' dir='ltr'><strong>quid</strong></span> <span class='ocrx_word' id='word_1_373' title='bbox 1404 3864 1758 3919; x_wconf 74' lang='lat' dir='ltr'><strong>Aristarchus</strong></span> <span class='ocrx_word' id='word_1_374' title='bbox 1782 3881 1839 3918; x_wconf 81' lang='lat' dir='ltr'>so</span> <span class='ocrx_word' id='word_1_375' title='bbox 1931 3799 2081 3929; x_wconf 78' lang='lat' dir='ltr'><strong>serit,</strong></span> <span class='ocrx_word' id='word_1_376' title='bbox 2119 3866 2245 3918; x_wconf 79' lang='grc' dir='ltr'>ἀντὶ</span> <span class='ocrx_word' id='word_1_377' title='bbox 2271 3866 2469 3920; x_wconf 90' lang='grc' dir='ltr'>τέτυξο</span> <span class='ocrx_word' id='word_1_378' title='bbox 2506 3882 2577 3918; x_wconf 87' lang='lat' dir='ltr'>an</span> <span class='ocrx_word' id='word_1_379' title='bbox 2612 3866 2757 3920; x_wconf 86' lang='grc' dir='ltr'>ἀντι-</span> 
     </span>
     <span class='ocr_line' id='line_1_41' title="bbox 475 3881 2757 4003; baseline -0.003 -10"><span class='ocrx_word' id='word_1_380' title='bbox 475 3940 704 4003; x_wconf 82' lang='grc' dir='ltr'>τέτυξο,</span> <span class='ocrx_word' id='word_1_381' title='bbox 741 3951 853 3988; x_wconf 88' lang='grc' dir='ltr'>ιιοιι</span> <span class='ocrx_word' id='word_1_382' title='bbox 931 3935 1169 3987; x_wconf 63' lang='grc'><strong>2621..-</strong></span> <span class='ocrx_word' id='word_1_383' title='bbox 1207 3939 1470 3987; x_wconf 76' lang='lat'>164-166</span> <span class='ocrx_word' id='word_1_384' title='bbox 1506 3933 1843 3987; x_wconf 82' lang='grc' dir='ltr'>ἀθετοῦνται</span> <span class='ocrx_word' id='word_1_385' title='bbox 1843 3881 2335 3986; x_wconf 53' lang='grc' dir='ltr'>ῙἹΚιίειίιοιιίοιιει.</span> <span class='ocrx_word' id='word_1_386' title='bbox 2379 3936 2619 3988; x_wconf 89' lang='grc' dir='ltr'>τούτους</span> <span class='ocrx_word' id='word_1_387' title='bbox 2667 3936 2757 3988; x_wconf 82' lang='grc' dir='ltr'>καὶ</span> 
     </span>
     <span class='ocr_line' id='line_1_42' title="bbox 478 3999 2757 4073; baseline -0.002 -13"><span class='ocrx_word' id='word_1_388' title='bbox 478 4004 855 4073; x_wconf 83' lang='grc' dir='ltr'>ἀριςτοφάνης</span> <span class='ocrx_word' id='word_1_389' title='bbox 930 4005 1169 4068; x_wconf 87' lang='grc' dir='ltr'>θέτηκεν</span> <span class='ocrx_word' id='word_1_390' title='bbox 1205 4001 1545 4069; x_wconf 79' lang='lat' dir='ltr'><strong>Didymus.</strong></span> <span class='ocrx_word' id='word_1_391' title='bbox 1584 4030 1648 4038; x_wconf 92' lang='lat'>-—</span> <span class='ocrx_word' id='word_1_392' title='bbox 1688 4005 1784 4054; x_wconf 83' lang='lat'>166</span> <span class='ocrx_word' id='word_1_393' title='bbox 1819 3999 2057 4065; x_wconf 85' lang='grc' dir='ltr'>δαίμονα</span> <span class='ocrx_word' id='word_1_394' title='bbox 2091 4001 2285 4055; x_wconf 73' lang='grc' dir='ltr'>δώςωε</span> <span class='ocrx_word' id='word_1_395' title='bbox 2325 4002 2388 4055; x_wconf 85' lang='grc' dir='ltr'>ἐν</span> <span class='ocrx_word' id='word_1_396' title='bbox 2421 4008 2494 4070; x_wconf 77' lang='grc' dir='ltr'>τῇ</span> <span class='ocrx_word' id='word_1_397' title='bbox 2530 4004 2757 4069; x_wconf 87' lang='grc' dir='ltr'>ζηνοδό-</span> 
     </span>
     <span class='ocr_line' id='line_1_43' title="bbox 477 4068 2756 4147; baseline -0.003 -19"><span class='ocrx_word' id='word_1_398' title='bbox 477 4091 582 4128; x_wconf 88' lang='grc' dir='ltr'>του</span> <span class='ocrx_word' id='word_1_399' title='bbox 619 4074 843 4138; x_wconf 90' lang='grc' dir='ltr'>πότμον</span> <span class='ocrx_word' id='word_1_400' title='bbox 879 4070 1074 4137; x_wconf 90' lang='grc' dir='ltr'>ἐφήςω</span> <span class='ocrx_word' id='word_1_401' title='bbox 1100 4068 1443 4147; x_wconf 50' lang='lat' dir='ltr'><strong>Didymus</strong></span> <span class='ocrx_word' id='word_1_402' title='bbox 1469 4098 1531 4108; x_wconf 90' lang='lat'>—</span> <span class='ocrx_word' id='word_1_403' title='bbox 1562 4073 1658 4122; x_wconf 82' lang='lat'>168</span> <span class='ocrx_word' id='word_1_404' title='bbox 1681 4069 1770 4122; x_wconf 81' lang='grc' dir='ltr'>ὅτι</span> <span class='ocrx_word' id='word_1_405' title='bbox 1792 4069 2194 4123; x_wconf 86' lang='grc' dir='ltr'>ὑποτάςςουςιν</span> <span class='ocrx_word' id='word_1_406' title='bbox 2230 4071 2304 4136; x_wconf 84' lang='grc' dir='ltr'>,,ἢ</span> <span class='ocrx_word' id='word_1_407' title='bbox 2332 4070 2472 4135; x_wconf 88' lang='grc' dir='ltr'>μήτε</span> <span class='ocrx_word' id='word_1_408' title='bbox 2507 4071 2756 4136; x_wconf 85' lang='grc' dir='ltr'>ςτρέψαι,</span> 
     </span>
     <span class='ocr_line' id='line_1_44' title="bbox 480 4111 2756 4207; baseline -0.002 -13"><span class='ocrx_word' id='word_1_409' title='bbox 480 4142 609 4207; x_wconf 87' lang='grc' dir='ltr'>μήτ’</span> <span class='ocrx_word' id='word_1_410' title='bbox 643 4139 893 4203; x_wconf 87' lang='grc' dir='ltr'>ἀντίβιον</span> <span class='ocrx_word' id='word_1_411' title='bbox 930 4156 1038 4206; x_wconf 87' lang='grc' dir='ltr'>μαχ</span> <span class='ocrx_word' id='word_1_412' title='bbox 1042 4139 1258 4194; x_wconf 87' lang='grc' dir='ltr'>έςαςθαι</span> <span class='ocrx_word' id='word_1_413' title='bbox 1293 4136 1742 4192; x_wconf 70' lang='lat' dir='ltr'><strong>Aristonicus..</strong></span> <span class='ocrx_word' id='word_1_414' title='bbox 1779 4165 1843 4176; x_wconf 88' lang='lat'>—</span> <span class='ocrx_word' id='word_1_415' title='bbox 1884 4142 1979 4190; x_wconf 87' lang='grc'>177</span> <span class='ocrx_word' id='word_1_416' title='bbox 2016 4136 2071 4190; x_wconf 87' lang='grc' dir='ltr'>ο“ι</span> <span class='ocrx_word' id='word_1_417' title='bbox 2103 4111 2479 4191; x_wconf 77' lang='lat' dir='ltr'><strong>Aristarchus:</strong></span> <span class='ocrx_word' id='word_1_418' title='bbox 2518 4138 2592 4192; x_wconf 78' lang='grc' dir='ltr'>οἷ’</span> <span class='ocrx_word' id='word_1_419' title='bbox 2627 4137 2756 4206; x_wconf 75' lang='grc' dir='ltr'>Βίο-</span> 
     </span>
     <span class='ocr_line' id='line_1_45' title="bbox 480 4197 2757 4273; baseline 0 -15"><span class='ocrx_word' id='word_1_420' title='bbox 480 4208 674 4273; x_wconf 69' lang='lat' dir='ltr'>nysius</span> <span class='ocrx_word' id='word_1_421' title='bbox 693 4206 969 4260; x_wconf 80' lang='lat' dir='ltr'><strong>Sidonius.</strong></span> <span class='ocrx_word' id='word_1_422' title='bbox 995 4237 1058 4244; x_wconf 94' lang='lat'>—</span> <span class='ocrx_word' id='word_1_423' title='bbox 1101 4212 1195 4260; x_wconf 89' lang='grc'>178</span> <span class='ocrx_word' id='word_1_424' title='bbox 1231 4207 1488 4271; x_wconf 58' lang='grc' dir='ltr'>ἀβλήχρἸ</span> <span class='ocrx_word' id='word_1_425' title='bbox 1527 4207 1760 4273; x_wconf 78' lang='grc' dir='ltr'>ἀβλήχρ’</span> <span class='ocrx_word' id='word_1_426' title='bbox 1783 4204 2109 4259; x_wconf 79' lang='lat' dir='ltr'><strong>Heraclides</strong></span> <span class='ocrx_word' id='word_1_427' title='bbox 2133 4204 2406 4272; x_wconf 72' lang='lat' dir='ltr'><strong>Milesiae,</strong></span> <span class='ocrx_word' id='word_1_428' title='bbox 2434 4207 2578 4261; x_wconf 85' lang='lat' dir='ltr'><strong>cons.</strong></span> <span class='ocrx_word' id='word_1_429' title='bbox 2604 4197 2757 4259; x_wconf 70' lang='lat' dir='ltr'><strong>Euat.</strong></span> 
     </span>
     <span class='ocr_line' id='line_1_46' title="bbox 478 4273 1439 4340; baseline 0.001 -13"><span class='ocrx_word' id='word_1_430' title='bbox 478 4281 592 4338; x_wconf 80' lang='lat'><strong>705,</strong></span> <span class='ocrx_word' id='word_1_431' title='bbox 630 4279 711 4328; x_wconf 87' lang='grc'>60.</span> <span class='ocrx_word' id='word_1_432' title='bbox 745 4276 921 4340; x_wconf 81' lang='grc' dir='ltr'>ἁμὸν,</span> <span class='ocrx_word' id='word_1_433' title='bbox 957 4275 1100 4333; x_wconf 87' lang='lat' dir='ltr'><strong>conf.</strong></span> <span class='ocrx_word' id='word_1_434' title='bbox 1136 4273 1208 4328; x_wconf 71' lang='lat' dir='ltr'>ad</span> <span class='ocrx_word' id='word_1_435' title='bbox 1241 4275 1288 4329; x_wconf 88' lang='lat' dir='ltr'>Z</span> <span class='ocrx_word' id='word_1_436' title='bbox 1323 4278 1439 4333; x_wconf 80' lang='lat'><strong>414.</strong></span> 
     </span>
    </p>
   </div>
   <div class='ocr_carea' id='block_1_9' title="bbox 487 3623 874 3644">
    <p class='ocr_par' dir='ltr' id='par_1_9' title="bbox 487 3623 874 3644">
     <span class='ocr_line' id='line_1_47' title="bbox 487 3623 874 3644; baseline 0 1362"><span class='ocrx_word' id='word_1_437' title='bbox 487 3623 874 3644; x_wconf 95' lang='lat' dir='ltr'> </span> 
     </span>
    </p>
   </div>
  </div>
 </body>
</html>
