3144 5006
476 372 601 437 228
1404 374 1733 430 ιΛιΑΔος
1795 376 1860 433 Υ.

646 527 740 593 ὧν
786 528 974 594 ἕνεκα
1016 529 1381 607 ξυνάγειρα·
1427 529 1687 609 μέλουςί
1732 550 1838 610 μοι
1886 528 2232 608 ὀλλύμενοί
2275 549 2417 608 περ.

648 629 789 696 ἀλλ’
830 630 873 710 ἦ
915 653 1014 697 τοι
1060 633 1174 712 μὲν
1220 632 1348 709 ἐγὼ
1396 633 1604 713 μενέω
1650 632 1841 712 πτυχὶ
1886 632 2263 711 Οὐλύμποιο

651 732 922 817 ἥμενος,
969 732 1101 798 ἔνθ’
1145 732 1362 812 ὁρόων
1407 735 1620 814 φρένα
1663 736 2012 814 τέρψομαι·
2061 733 2122 798 οἱ
2166 735 2238 799 δὲ
2282 736 2360 813 δὴ
2407 734 2598 799 ἄλλοι

646 834 910 919 ἔρχεςθ’,
957 833 1110 916 ὄφρ’
1155 835 1235 900 ἂν
1276 834 1488 915 ἵκηςθε
1533 838 1691 916 μετὰ
1734 837 1959 914 Τρῶας
2004 836 2106 900 καὶ
2151 836 2471 916 Ἀχαιούς,

522 941 601 999 25
647 935 1066 1018 ἀμφοτέροιςι
1113 937 1171 1001 δ’
1215 935 1492 1020 ἀρήγεθ’,
1543 939 1674 1022 ὅπῃ
1719 938 1876 1004 νόος
1923 938 2084 1004 ἐςτίν
2131 938 2416 1003 ἑκάςτου.

646 1038 699 1103 εἰ
742 1040 866 1117 γὰρ
913 1037 1236 1117 Ἀχιλλεὺς
1283 1037 1427 1105 οἷος
1472 1041 1577 1105 ἐπὶ
1622 1042 1895 1119 Τρώεςςι
1940 1044 2259 1125 μαχεῖται,

645 1139 802 1205 ούδὲ
845 1140 1091 1220 μίνυνθ’
1135 1141 1341 1206 ἕξουςι
1386 1143 1690 1207 ποδώκεα
1732 1144 2092 1222 Πηλεΐωνα.

645 1243 745 1305 καὶ
791 1243 862 1307 δέ
906 1242 975 1308 τέ
1018 1264 1121 1320 μιν
1165 1245 1268 1308 καὶ
1311 1244 1589 1323 πρόςθεν
1636 1244 2151 1323 ὑποτρομέεςκον
2196 1245 2506 1324 ὁρῶντες·

644 1346 764 1408 νῦν
810 1344 882 1421 δ’,
930 1343 1038 1409 ὅτε
1085 1347 1161 1425 δὴ
1207 1347 1310 1410 καὶ
1352 1347 1554 1426 θυμὸν
1601 1347 1858 1427 ἑταίρου
1901 1348 2133 1427 χώεται
2180 1346 2405 1430 αἰνῶς,

520 1452 603 1509 30
647 1445 837 1511 δείδω
883 1447 964 1526 μὴ
1010 1448 1114 1512 καὶ
1154 1450 1366 1527 τεῖχος
1411 1447 1572 1530 ὑπὲρ
1621 1447 1826 1529 μόρον
1871 1448 2250 1533 ἐξαλαπάξῃ.

825 1548 913 1612 ὣς
959 1548 1167 1629 ἔφατο
1216 1550 1551 1629 Κρονίδης,
1598 1551 1887 1631 πόλεμον
1933 1552 1989 1615 δ’
2033 1550 2331 1615 ἀλίαςτον
2377 1550 2604 1630 ἔγειρε.

648 1650 767 1732 βὰν
812 1651 872 1715 δ’
911 1648 1120 1731 ἴμεναι
1163 1652 1452 1732 πόλεμον
1498 1655 1571 1718 δὲ
1616 1653 1751 1718 θεοὶ
1796 1653 1940 1732 δίχα
1983 1654 2188 1734 θυμὸν
2233 1652 2520 1732 ἔχοντες·

641 1754 808 1832 Ἥρη
856 1754 970 1833 μὲν
1018 1753 1151 1833 μετ’
1194 1752 1419 1830 ἀγῶνα
1462 1757 1635 1820 νεῶν
1679 1754 1783 1820 καὶ
1824 1755 2090 1820 Παλλὰς
2136 1753 2365 1833 Ἀθήνη

641 1855 756 1933 ἠδὲ
798 1853 1178 1920 Ποςειδάων
1221 1857 1531 1935 γαιήοχος
1574 1856 1675 1934 ἠδ’
1717 1856 2009 1935 ἐριούνης

521 1961 600 2020 35
647 1956 964 2041 Ἑρμείας,
1011 1957 1085 2022 ὃς
1129 1957 1233 2021 ἐπὶ
1279 1959 1465 2037 φρεςὶ
1508 1958 1918 2042 πευκαλίμῃςι
1962 1960 2279 2025 κέκαςται·

642 2060 999 2140 υΗφαιςτος
1044 2059 1101 2122 δ’
1145 2058 1273 2139 ἅμα
1317 2050 1479 2124 τοῑςι
1521 2059 1612 2124 κίε
1657 2060 1860 2126 ςθένεῑ
1904 2060 2327 2142 βλεμεαίνων,

643 2162 991 2245 χωλεύων,
1038 2162 1165 2225 ύπό
1213 2162 1284 2226 δὲ
1327 2164 1552 2240 κνῆμαι
1599 2161 1853 2241 ῥώοντο
1898 2161 2138 2241 ἀραιαί·

647 2264 714 2327 ἐς
760 2263 832 2327 δὲ
875 2264 1102 2342 Τρῶας
1145 2263 1338 2343 Ἀρης
1384 2262 1840 2348 κορυθαίολος,
1884 2264 2088 2344 αὐτὰρ
2132 2264 2237 2345 ἅμ’
2280 2263 2455 2349 αὐτῷ

643 2365 884 2444 Φοῖβος
929 2362 1351 2445 ἀκερςεκόμης
1394 2364 1495 2442 ἠδ’
1538 2365 1827 2446 Ἄρτεμις
1872 2364 2159 2446 ἰοχέαιρα

515 2464 830 2546 4ΟνΛητώ
876 2487 943 2532 τε
989 2466 1246 2532 Ξάνθός
1289 2487 1358 2531 τε
1403 2468 1822 2548 φιλομμειδὴς
1865 2467 1919 2533 τ’
1963 2468 2329 2550 Ἀφροδίτη.

608 2720 678 2782 V.
713 2741 762 2775 12.
835 2727 891 2774 21
939 2722 1201 2788 μέλλουςί
1227 2719 1283 2775 C.
1321 2751 1387 2760 -
1424 2727 1491 2775 24
1526 2723 1714 2789 ὄφραν
1750 2721 1815 2775 D.
1854 2739 1994 2790 μετα
2029 2723 2095 2779 Α.
2131 2727 2321 2791 τρῷας
2345 2723 2404 2782 L.
2441 2717 2607 2778 —‘25
2642 2725 2761 2794 ὅπῃ

473 2789 570 2843 ΑΕ
611 2795 758 2853 1193,
794 2795 857 2843 41
901 2788 1082 2844 Schol.
1124 2790 1169 2845 Θ
1206 2794 1256 2844 5.
1296 2792 1340 2844 Ο
1379 2795 1497 2845 234.
1536 2793 1652 2858 ὅπη
1692 2790 1831 2844 CDE
1871 2796 2019 2855 1194,
2056 2798 2088 2848 3
2125 2791 2272 2845 GHL
2299 2790 2418 2860 Syr.
2452 2821 2521 2831 —
2555 2798 2620 2845 26
2645 2793 2764 2858 ἀχῑ-

473 2861 603 2913 λεὺς
641 2857 697 2914 C.
737 2860 830 2913 ἐπι
866 2859 929 2915 A.
968 2860 1049 2911 ἐνὶ
1087 2857 1241 2912 Vrat.
1279 2857 1333 2910 b.
1370 2859 1436 2911 A.
1484 2860 1720 2928 τρῲεςςι
1755 2857 1813 2914 L.
1859 2859 2097 2927 μάχηται
2136 2858 2176 2913 C
2216 2866 2263 2916 1.
2297 2875 2443 2913 man.
2490 2889 2556 2898 —
2600 2865 2666 2914 28
2703 2861 2765 2914 δέ

470 2944 537 2981 τε
574 2944 666 2992 μιν
701 2925 823 2980 DH.
861 2928 921 2980 δέ
956 2943 1009 2980 τι
1046 2924 1097 2979 S.
1135 2931 1304 3006 ——30
1338 2927 1483 2993 ὑπὲρ
1520 2928 1695 2994 μόρον
1732 2925 1977 2981 ACGHL
2012 2925 2194 2980 Schol.
2230 2929 2279 2980 Υ
2307 2933 2432 2985 125.“
2453 2926 2633 2985 Cram.
2659 2927 2764 2997 Ep.

472 3019 588 3080 423,
632 3018 709 3066 16.
746 3014 1070 3081 ὑπερμόρον
1105 3011 1172 3069 D.
1211 3012 1660 3066 ΥΠΕΡΜΟΡΟΝ
1701 3010 1821 3081 Syr.
1860 3013 2180 3080 ὑπέρμορον
2204 3011 2290 3066 ES
2316 3013 2473 3067 Cant.
2510 3011 2669 3070 Rom.
2697 3043 2765 3052 -—-

472 3087 535 3135 31
576 3081 656 3136 ὠς
705 3084 769 3135 A.
826 3082 1089 3148 κρονῖδης
1137 3081 1456 3146 πόλεμόνδε
1501 3083 1622 3134 θεοὶ
1666 3082 1723 3134 δῖ
1762 3078 1830 3132 H.
1884 3082 2061 3148 ἔγειρε
2114 3078 2357 3134 ACDGL
2402 3081 2519 3149 Syr.
2574 3083 2765 3149 ἄγειρε

481 3186 635 3238 vrat.
674 3184 727 3239 d.
768 3187 952 3252 ὄρωρε
992 3182 1123 3237 Vat.
1157 3213 1226 3224 -
1271 3189 1335 3237 32
1372 3185 1627 3249 πόλεμον
1663 3185 1725 3237 δὲ
1761 3182 1879 3238 AD.
1925 3163 2375 3240 ΠοΛεΜοΝΔὲ
2419 3183 2538 3252 syr.
2582 3215 2644 3224 -
2694 3190 2762 3237 33

476 3254 660 3307 παλὰς
696 3252 754 3305 L.
792 3282 857 3291 -—-
894 3258 961 3306 34
997 3252 1281 3306 ποςιδάων
1319 3253 1365 3304 Α
1404 3250 1523 3319 Syr.
1561 3253 1752 3306 ποςειδ
1788 3253 1836 3305 A
1879 3252 1937 3304 in
1973 3268 2150 3321 marg.
2187 3254 2222 3316 ἢ
2259 3253 2321 3306 δὲ
2356 3282 2422 3291 -
2465 3253 2554 3318 ἧδ’
2587 3250 2657 3305 Η.
2694 3281 2762 3291 --

473 3327 539 3375 35
575 3322 668 3375 ἐπι
703 3321 767 3373 Α.
806 3322 890 3375 ἑνὶ
927 3318 1131 3377 GHLS.
1170 3320 1251 3373 ἐνι
1287 3318 1354 3372 D.
1390 3322 1772 3384 πευκαλίμοιςι
1797 3320 1857 3373 L.
1896 3321 2155 3373 κέκαςται
2191 3318 2287 3372 HL
2321 3320 2467 3388 Lips.
2508 3317 2664 3377 Vrat.
2702 3319 2760 3377 b.

473 3390 523 3447 d.
563 3387 731 3442 Mose.
770 3394 818 3444 2.
857 3388 1000 3445 Flor.
1035 3386 1197 3445 Rom.
1236 3388 1474 3442 κέκαςτο
1509 3386 1792 3442 ACDEGS
1832 3386 1951 3456 Syr.
1986 3417 2053 3426 -—
2089 3393 2155 3440 36
2191 3390 2329 3453 dua:
2368 3390 2475 3456 ἄρα
2511 3387 2668 3441 Cant.
2695 3418 2761 3426 —

471 3463 536 3511 37
572 3458 687 3512 ὑπο
721 3454 895 3509 ΑΒΗ.
931 3455 1118 3523 ἀραιαί
1153 3457 1230 3508 A:
1279 3454 1452 3510 ceteri
1498 3457 1696 3522 ἀραιαί.
1749 3486 1808 3494 -
1857 3461 1923 3511 38
1956 3461 2143 3524 τρῷας
2179 3454 2240 3513 L.
2285 3456 2653 3523 κορυθαιόλος
2688 3456 2756 3510 A.

474 3562 840 3628 κορυθαιόλος
888 3558 1093 3613 DEGH
1137 3558 1281 3614 Flor.
1326 3559 1490 3615 Rom.
1544 3539 1802 3614 ΑΥΤᾸΡ’
1836 3559 1873 3613 S
1914 3577 1958 3612 r.
2015 3589 2076 3597 —
2132 3565 2197 3612 39
2233 3560 2324 3624 ἡδ’
2363 3526 2546 3611 ,ές-σῇ.
2584 3556 2756 3627 Soph.

471 3634 795 3767 {3123ssng
819 3628 1145 3751 νιιθίίᾑῖἒάνθός
1189 3644 1254 3682 τε
1306 3625 1469 3682 ACD.
1522 3629 1726 3683 ξανθὸς
1768 3644 1832 3682 τε
1935 3671 1947 3685 .
2000 3628 2328 3694 φιλομειδής
2363 3625 2409 3679 Ε
2464 3624 2506 3677 L
2542 3625 2760 3681 Townl.

610 3936 677 3990 A.
715 3954 762 3991 c.
833 3939 900 3988 28
948 3936 1275 4003 ἀρίςταρχος
1330 3937 1419 3988 καί
1474 3934 1533 3988 δέ
1585 3949 1640 3987 τι
1694 3951 1786 3999 μιν
1838 3935 1930 3988 διὰ
1982 3939 2085 3989 τοῦ
2121 3940 2156 3989 ῖ
2191 3932 2536 4003 Didymus».
2583 3964 2645 3973 ——
2693 3939 2760 3988 30

470 4005 794 4072 ὑπέρμορον
830 4003 1215 4069 Atisim-chun,
1264 4002 1695 4071 Aristophanes,
1740 4001 1985 4059 Ptolem.
2028 4001 2353 4056 Ascalonita
2394 4019 2520 4056 cum
2564 4000 2759 4070 pleris-

512 4090 608 4127 ue:
646 4073 789 4139 ὑπὲρ
828 4072 1003 4139 μόρον
1041 4070 1400 4134 Heliodorus,
1447 4069 1590 4124 conf.
1631 4069 1814 4123 Schol.
1863 4072 1902 4124 Β
1944 4076 2053 4124 155.
2090 4069 2275 4138 Apoll.
2316 4070 2484 4139 Soph.
2523 4075 2636 4130 160,
2679 4076 2758 4124 18.

517 4157 654 4195 ram.
692 4138 873 4208 Epim.
910 4146 1027 4203 442,
1065 4145 1147 4194 32.
1183 4138 1339 4191 Eust.
1379 4144 1526 4204 1193,
1566 4143 1649 4191 57.
1698 4140 1844 4193 τινὲς
1879 4140 2189 4206 γράφουςιν
2233 4139 2349 4203 ,,οιί
2388 4141 2578 4203 μέντοι
2615 4139 2762 4204 μοῖρ’

473 4211 624 4263 ἐςτιν
660 4209 740 4261 ἔτι
777 4211 928 4261 ζωοῦ
968 4209 1223 4274 Ἀχιλῆος
1264 4206 1425 4262 Ἰλίου
1461 4207 1729 4274 ἑκπέρθαι
1768 4208 2136 4272 εὐναιόμενον
2171 4207 2527 4274 πτολίεθρον.
2573 4207 2759 4272 πέρςει

472 4278 775 4342 δουράτεος
811 4277 986 4329 ἵππος
1023 4278 1113 4328 καὶ
1151 4279 1311 4341 μῆτις
1339 4273 1601 4328 Ἐπειοθ“
1639 4273 1822 4328 Schol.
1850 4273 1917 4333 V.
1943 4305 2008 4314 —-
2033 4279 2098 4328 35
2123 4274 2450 4342 ἀρίςταρχος
2485 4274 2759 4338 κέκαςται,

471 4344 540 4398 οὐ
576 4344 665 4396 διὰ
700 4347 804 4396 τοῦ
840 4348 874 4395 ’ὁ
911 4345 1144 4397 κέκαςτο
1178 4340 1528 4410 DidymuS.
