3144 5006
435 427 556 493 136
1379 427 1709 483 ΙΛΙΑΔΟ(
1766 428 1839 487 Π.

603 581 835 661 οὔρεος
881 582 951 647 ἐν
998 583 1223 666 βήςςῃς
1269 580 1502 662 βαθέην
1547 582 1959 662 πελεμιζέμεν
2007 581 2197 666 ὕλην,

601 675 818 765 φηγόν
860 704 929 749 τε
974 683 1191 764 μελίην
1230 703 1297 749 τε
1341 682 1743 763 τανύφλοιόν
1788 704 1856 749 τε
1901 684 2228 768 κράνειαν,

601 784 671 850 αἵ
711 806 781 850 τε
825 785 989 865 πρὸς
1035 784 1318 865 ἀλλήλας
1362 784 1599 867 ἔβαλον
1642 785 1993 864 τανυήκεας
2036 783 2230 852 ὄζους

605 887 728 972 ἠχῇ
774 888 1097 969 θεςπεςίῃ,
1141 887 1427 964 πάταγος
1472 886 1545 952 δέ
1589 908 1658 952 τε
1703 885 2156 967 ἀγνυμενάων·

439 997 564 1055 770
608 990 698 1055 ὣς
742 990 959 1070 Τρῶες
1002 990 1106 1054 καὶ
1133 988 1376 1067 Ἀχαιοὶ
1418 989 1518 1054 ἐπ’
1560 988 1885 1068 ἀλλήλοιςι
1928 989 2235 1070 θορόντες

604 1095 837 1176 δῄουν,
884 1089 1025 1156 οὐδ’
1070 1090 1277 1169 ἕτεροι
1318 1091 1597 1170 μνώοντ’
1641 1091 1875 1158 ὀλοοῖο
1920 1093 2174 1173 φόβοιο.

606 1194 821 1259 πολλὰ
865 1193 936 1258 δὲ
983 1192 1325 1274 Κεβριόνην
1370 1192 1529 1273 ἀμφ’
1575 1191 1727 1261 ὀξέα
1771 1197 1975 1273 δοῦρα
2019 1195 2288 1274 πεπήγει

607 1295 690 1361 ἰοί
732 1315 800 1360 τε
844 1293 1227 1375 πτερόεντες
1269 1294 1402 1360 ἀπὸ
1447 1298 1725 1376 νευρῆφι
1768 1295 2106 1378 θορόντες,

605 1397 820 1462 πολλὰ
863 1398 935 1462 δὲ
978 1395 1288 1477 χερμάδια
1331 1397 1551 1477 μεγάλ’
1595 1396 1863 1462 ἀςπίδας
1908 1397 2320 1479 ἐςτυφέλιξαν

445 1505 566 1565 775
612 1499 1038 1580 μαρναμένων
1083 1498 1241 1579 ἀμφ’
1284 1497 1514 1565 αὐτόν·
1560 1498 1599 1562 ὃ
1646 1498 1703 1563 δ’
1747 1499 1818 1565 ἐν
1863 1500 2278 1581 ςτροφάλιγγι
2321 1498 2536 1579 κονίης

610 1603 784 1666 κεῖτο
829 1600 1022 1681 μέγας
1066 1601 1444 1679 μεγαλωςτί,
1492 1600 1878 1681 λελαςμένος
1920 1598 2361 1668 ἱπποςυνάων.

785 1700 965 1783 ὄφρα
1007 1703 1120 1783 μὲν
1166 1702 1381 1782 ἠέλιος
1426 1701 1618 1781 μέςον
1664 1701 1952 1782 οὐρανὸν
1996 1691 2436 1787 ἀμφιβεβήκει,

613 1805 827 1886 τόφρα
870 1805 1014 1884 μάλ’
1058 1802 1446 1886 ἀμφοτέρων
1493 1803 1659 1886 βέλε’
1700 1803 1969 1888 ἥπτετο,
2014 1807 2206 1871 πῖπτε
2251 1806 2322 1872 δὲ
2366 1806 2552 1872 λαός·

611 1907 770 1986 ἦμος
816 1907 872 1971 δ’
920 1906 1136 1987 ἠέλιος
1179 1906 1570 1986 μετενίςςετο
1618 1908 1937 1988 βουλυτὸν
1981 1907 2085 1990 δέ,
2621 1953 2666 1975 s

445 2017 568 2074 780
611 2010 714 2074 καὶ
755 2008 901 2073 τότε
946 2008 1022 2087 δή
1070 2008 1128 2087 ῥ’
1171 2007 1333 2089 ὑπὲρ
1380 2007 1564 2074 αἴςαν
1610 2007 1848 2088 Ἀχαιοὶ
1891 2009 2194 2089 φέρτεροι
2239 2008 2418 2089 ἦςαν.

612 2111 681 2175 ἑκ
724 2110 838 2190 μὲν
887 2109 1231 2191 Κεβριόνην
1279 2110 1522 2190 βελέων
1566 2110 1751 2190 ἥρωα
1796 2108 2062 2190 ἔρυςςαν
2469 2131 2475 2138 ·

611 2212 856 2292 Τρώων
903 2211 968 2277 ἐξ
1012 2212 1284 2294 ἐνοπῆς,
1330 2213 1435 2277 καὶ
1475 2210 1586 2277 ἀπ’
1629 2211 1823 2291 ὤμων
1867 2211 2073 2291 τεύχε’
2115 2213 2363 2278 ἕλοντο.

609 2314 993 2392 Πάτροκλος
1038 2314 1110 2379 δὲ
1154 2313 1358 2392 Τρωςὶ
1401 2314 1561 2378 κακὰ
1605 2312 1914 2394 φρονέων
1959 2303 2322 2393 ἐνόρουςεν.

610 2417 743 2496 τρὶς
789 2416 904 2495 μὲν
951 2414 1146 2480 ἔπειτ’
1191 2414 1503 2495 ἐπόρουςε
1549 2420 1686 2497 θοῷ
1732 2414 2092 2481 ἀτάλαντος
2134 2416 2348 2499 Ἄρηι,

445 2525 568 2584 785
614 2516 969 2599 ςμερδαλέα
1012 2516 1243 2600 ἰάχων,
1288 2517 1419 2598 τρὶς
1463 2518 1521 2582 δ’
1564 2517 1758 2584 ἐννέα
1802 2524 2027 2599 φῶτας
2073 2517 2376 2599 ἔπεφνεν.

613 2620 758 2685 ἀλλ’
801 2618 911 2684 ὅτε
958 2621 1034 2699 δὴ
1078 2621 1154 2685 τὸ
1198 2620 1508 2699 τέταρτον
1553 2619 1856 2685 έπέςςυτο
1903 2619 2156 2700 δαίμονι
2201 2620 2367 2697 ἶςος,

616 2722 747 2787 ἔνθ’
791 2719 919 2800 ἄρα
961 2720 1443 2805 τοι.Πάτροκλε
1488 2720 1666 2802 φάνη
1712 2722 1955 2803 βιότοιο
1998 2723 2279 2803 τελευτή,

762 2843 851 2851 -ῌ

580 2906 650 2960 V.
689 2926 736 2963 1..
809 2911 910 2962 766
946 2907 1314 2974 πολεμιζέμεν
1350 2904 1445 2959 DL
1481 2905 1641 2960 Vrat.
1679 2906 1732 2963 b.
1775 2936 1835 2946 -
1873 2912 1973 2962 768
2006 2907 2319 2972 τανυήκεας
2357 2905 2419 2964 Α.
2457 2907 2729 2962 ΤΑΝΑΗ-

452 3009 624 3065 ΚΕΑ(
661 3009 919 3062 Ambros.
974 3009 1255 3073 τανήκεας
1291 3005 1356 3062 G.
1407 3008 1691 3077 τανυκέας
1737 3006 1792 3066 S.
1851 3039 1911 3047 —
1967 3014 2066 3062 770
2096 2974 2300 3063 fficlA.
2352 3013 2530 3075 τρῴες
2568 3006 2625 3059 L.
2664 3038 2727 3047 —

447 3084 545 3133 771
593 3081 793 3145 δηΐουν
838 3075 887 3129 G
932 3074 1078 3133 Flor.
1131 3077 1422 3143 οὐδέτεροι
1465 3076 1529 3129 L:
1580 3105 1644 3115 --
1701 3081 1798 3129 ‘172
1844 3077 2101 3143 ἀμφοξέα
2145 3075 2211 3130 D.
2264 3079 2441 3143 δοῦρα
2485 3076 2731 3142 πεπήγει

447 3212 610 3267 DGL.
647 3211 1141 3267 ΔΟΥΡΑΠΕΠΗΓ
1145 3212 1199 3266 ΕΙ
1227 3209 1420 3264 Ambr.
1459 3214 1635 3278 δοῦρα
1669 3212 1912 3277 πεπήγει
1945 3212 2006 3264 A.
2047 3213 2203 3279 δοῦρ’
2237 3212 2512 3277 ἐπεπήγει
2547 3210 2731 3266 CEHS

450 3279 602 3338 Harl,
640 3279 798 3336 Vrat.
842 3278 896 3333 b.
945 3278 998 3332 d.
1037 3279 1105 3332 A.
1151 3309 1212 3318 -
1263 3285 1361 3333 773
1409 3280 1523 3332 ἀπο
1560 3280 1626 3337 G.
1675 3285 1915 3348 νευρῆφι
1958 3278 2003 3331 Ε
2039 3278 2126 3332 bis
2162 3277 2227 3333 G.
2267 3310 2325 3318 -—
2366 3285 2466 3334 774
2500 3281 2732 3345 ἐςτυφέ-

447 3353 605 3403 λιξαν
639 3346 833 3401 ACHL
867 3344 1023 3400 Vrat.
1060 3346 1111 3400 b.
1154 3347 1206 3399 d.
1246 3347 1568 3414 ἐςτυφέλιξε
1605 3346 1770 3401 DEG.
1810 3348 2169 3414 ἐςτυφέλιξεν
2204 3346 2258 3404 S.
2305 3377 2368 3386 -
2413 3352 2512 3400 775
2548 3348 2633 3400 ὅδ’
2667 3349 2734 3401 ἐν

448 3415 557 3469 GL.
595 3416 626 3469 δ
667 3416 730 3470 δὲ
767 3413 824 3468 C.
862 3416 894 3468 ὁ
929 3416 991 3469 δὲ
1028 3413 1270 3468 ADEHS
1308 3414 1447 3472 Ven.
1484 3413 1544 3467 B.
1582 3413 1736 3467 Harl.
1783 3413 1931 3484 Lips.
1977 3414 2115 3469 Mor.
2154 3414 2310 3468 Vrat.
2356 3414 2412 3471 b.
2459 3414 2512 3468 d.
2561 3413 2731 3469 Mose.

451 3491 497 3537 2.
536 3484 678 3538 conf.
718 3499 765 3537 ω
802 3488 885 3536 39.
941 3513 1005 3521 --
1061 3487 1159 3537 778
1194 3483 1386 3551 τόφρα
1430 3485 1533 3547 μὲν
1578 3482 1673 3535 ΑΕ
1720 3481 1878 3536 Rom.
1936 3488 2108 3537 πῖπτε
2157 3482 2254 3535 ΕΗ
2308 3481 2482 3539 Bekk.
2518 3481 2729 3536 Aneed.

452 3557 565 3607 761,
603 3558 650 3605 3.
702 3549 874 3606 πίπτε
919 3548 1181 3605 ACDGL.
1230 3580 1294 3589 —
1344 3556 1442 3606 779
1478 3551 1832 3615 μετενίςςετο
1868 3549 2062 3604 AEHL
2108 3550 2333 3604 Barocc.
2380 3549 2526 3619 Lips.
2571 3549 2734 3605 Cant..

452 3618 609 3673 Vrat.
647 3618 701 3674 b.
740 3618 792 3676 d.
832 3621 892 3672 A.
935 3618 1286 3687 μετενείςετο
1321 3617 1423 3673 DG
1461 3617 1616 3673 Harl.
1664 3621 1985 3685 μετενῐςετο
2022 3619 2063 3673 C
2100 3618 2311 3672 Townl.
2359 3619 2637 3685 βουλυτὸν
2672 3620 2735 3673 δὲ

452 3727 512 3777 Α.
551 3709 826 3788 βουλυτόν
850 3722 911 3775 δὲ
947 3720 1074 3788 (sic)
1101 3720 1167 3774 D.
1204 3722 1545 3788 βουλητονδε
1574 3718 1640 3776 G.
1680 3750 1739 3759 —-
1780 3725 1879 3774 780
1904 3722 1956 3786 ῥ’
1989 3720 2170 3775 omitt..
2198 3719 2253 3774 S.
2289 3751 2352 3759 -—
2390 3725 2490 3774 782
2522 3722 2736 3788 τρῲων

452 3790 514 3844 L.
549 3790 759 3857 τρώων
794 3790 848 3841 τ’
884 3788 1037 3842 Vrat.
1076 3787 1132 3841 b.
1169 3788 1234 3844 A.
1280 3818 1347 3827 ——
1397 3793 1497 3842 783
1542 3789 1594 3841 δ’
1639 3789 1701 3842 ὲν
1745 3791 1918 3855 τρωςὶ
1953 3787 2113 3843 Vrat.
2150 3788 2203 3842 d.
2249 3789 2392 3843 κακὰ
2435 3790 2645 3857 τρωςίν
2680 3787 2734 3842 S.

456 3858 601 3912 κακὰ
637 3859 809 3923 τρωςί
846 3855 1003 3910 Vrat.
1042 3858 1109 3909 A.
1144 3857 1319 3922 τρψςὶ
1353 3854 1412 3908 L.
1458 3855 1721 3927 ἑνόρουςε
1759 3854 2023 3911 ACDGH.
2069 3855 2445 3912 ΕΝΟΡΟΥΕΕ
2482 3856 2734 3910 Ambros.

455 3926 766 3993 ἐπόρουςεν
802 3923 861 3977 L.
898 3954 962 3963 —
998 3929 1101 3978 784
1136 3925 1398 3991 ἑνόρουςε
1432 3922 1649 3977 Townl.
1686 3923 1860 3978 Mose.
1897 3930 1945 3977 2.
1990 3954 2055 3963 —
2098 3930 2198 3979 786
2242 3926 2311 3978 τὸ
2347 3924 2527 3978 omitt.
2562 3922 2631 3980 Η.
2669 3953 2736 3963 -

454 3998 551 4046 787
591 3992 699 4059 ἄρά
734 4007 822 4045 τοι
856 3991 915 4050 L.
955 3992 1263 4059 πάτροκλε,
1301 3992 1455 4059 φάνη
1484 3990 1541 4046 C.
1580 3992 1870 4059 Πάτροκλ’
1906 3993 2092 4061 ἐφάνη
2127 3991 2282 4047 Eunt.
2320 3996 2468 4058 1086,
2505 3996 2599 4056 47;
2635 3990 2737 4045 sed

456 4065 604 4126 1081,
642 4065 709 4114 50
742 4060 1042 4127 Πάτροκλε
1080 4060 1251 4127 φάνη.

591 4248 658 4301 A.
697 4264 745 4299 c.
818 4251 917 4301 774
969 4246 1297 4314 ἀρίςταρχος
1339 4246 1430 4300 διὰ
1473 4253 1576 4301 τοῦ
1621 4253 1657 4302 ἃ
1702 4247 2065 4313 ἐστυφέλιξαν
2117 4246 2464 4315 Didymus.
2517 4274 2580 4285 —
2637 4251 2740 4300 776

456 4313 854 4439 ἳιέξςςῶςειρῶοςωό
889 4316 939 4368 δ’
974 4317 1036 4368 ἑν
1071 4313 1437 4382 ςτροφάλιγγι
1472 4316 1574 4368 ςὺν
1608 4322 1692 4383 τῷ
1728 4320 1763 4369 ἢ
1798 4313 2143 4384 Didymae.
2176 4346 2229 4356 -
2274 4320 2373 4369 776
2410 4312 2739 4379 asteriscum
