3144 5006
410 302 537 370 346
1319 302 1653 359 ΙΛΙΑΔΟΕ
1699 303 1774 359 Μ.

584 459 788 539 αὐτὰρ
832 458 971 524 ἐπεὶ
1014 461 1092 540 δὴ
1134 461 1348 538 τεῖχος
1392 456 1853 538 ἐπεςςυμένους
1897 456 2169 536 ἑνόηςαν

581 560 838 643 Τρῶας,
891 559 1057 641 ἀτὰρ
1103 562 1390 627 Δαναῶν
1430 559 1659 637 γένετο
1704 558 1848 639 ἰαχή
1893 580 1962 624 τε
2008 560 2216 640 φόβος
2259 579 2350 642 τε,

415 668 536 726 145
582 663 652 727 ἐκ
695 665 766 728 δὲ
808 663 901 728 τὼ
946 663 1200 730 ἀίξαντε
1244 662 1515 727 πυλάων
1561 662 1798 740 πρόςθε
1843 663 2178 744 μαχέςθην,

580 765 978 850 ἀγροτέροιςι
1023 764 1263 831 ςύεςςιν
1309 763 1552 829 ἐοικότε
1598 765 1689 830 τώ
1733 763 1789 829 τ’
1831 763 1903 830 ἐν
1948 763 2193 844 ὄρεςςιν

581 867 840 947 ἀνδρῶν
886 866 1000 945 ἠδὲ
1043 869 1259 932 κυνῶν
1304 865 1562 946 δέχαται
1608 867 2004 945 κολοςυρτὸν
2049 865 2248 948 ἰόντα,

579 970 799 1048 δοχμώ
843 969 898 1033 τ’
940 967 1228 1034 ἀίςςοντε
1273 968 1418 1048 περὶ
1461 969 1668 1048 ςφίςιν
1712 968 1994 1046 ἄγνυτον
2040 967 2220 1050 ὕλην,

580 1073 868 1150 πρυμνὴν
914 1069 1334 1148 ἐκτάμνοντες
1345 1121 1364 1155 ,
1410 1069 1567 1136 ὑπαὶ
1610 1071 1683 1137 δέ
1724 1091 1795 1136 τε
1840 1070 2086 1151 κόμπος
2128 1069 2422 1134 ὀδόντων

414 1179 536 1238 150
577 1173 888 1254 γίγνεται,
934 1171 1021 1237 εἰς
1065 1173 1104 1237 ὅ
1148 1172 1218 1237 κέ
1261 1171 1353 1238 τίς
1396 1194 1465 1238 τε
1511 1174 1730 1254 βαλὼν
1776 1171 1846 1237 ἐκ
1887 1173 2091 1253 θυμὸν
2136 1172 2379 1251 ἕληται·

578 1275 667 1339 ὣς
709 1278 854 1339 τῶν·
889 1275 1113 1352 κόμπει
1160 1275 1398 1354 χαλκὸς
1442 1275 1547 1339 ἐπὶ
1592 1275 1870 1354 ςτήθεςςι
1914 1274 2184 1355 φαεινὸς

576 1375 777 1456 ἄντην
824 1376 1273 1458 βαλλομένων·
1320 1377 1490 1454 μάλα
1530 1378 1657 1456 γὰρ
1702 1379 2025 1456 κρατερῶς
2069 1374 2390 1456 ἐμάχοντο

578 1481 823 1545 λαοῖςιν
871 1478 1228 1558 καθύπερθε
1272 1479 1657 1544 πεποιθότες
1699 1478 1814 1558 ἠδὲ
1861 1479 2094 1559 βίηφιν.

579 1582 645 1647 οἳ
688 1580 745 1645 δ’
788 1579 916 1659 ἄρα
958 1581 1384 1660 χερμαδίοιςιν
1430 1580 1763 1660 ἐυδμήτων
1807 1581 1939 1647 ἀπὸ
1984 1582 2255 1660 πύργων

412 1688 532 1748 155
580 1684 823 1765 βάλλον
869 1682 1261 1762 ἀμυνόμενοι
1307 1689 1493 1765 ςφῶν
1535 1683 1594 1747 τ’
1638 1683 1855 1748 αὐτῶν
1901 1686 2005 1748 καὶ
2047 1682 2348 1747 κλιςιάων

575 1790 755 1864 νηῶν
799 1785 854 1848 τ’
898 1784 1277 1864 ὠκυπόρων.
1353 1785 1620 1866 νιφάδες
1665 1785 1722 1849 δ’
1767 1784 1856 1850 ῶς
1899 1789 2140 1851 πῖπτον
2184 1785 2390 1867 ἔραζε,

577 1886 653 1952 ἅς
696 1887 752 1952 τ’
795 1886 1032 1967 ἄνεμος
1074 1886 1228 1965 ῑαὴς
1271 1888 1480 1967 νέφεα
1524 1886 1811 1953 ςκιόεντα
1855 1889 2132 1966 δονήςας

575 1988 887 2069 ταρφειὰς
927 1975 1271 2067 κατέχευεν
1316 1988 1421 2053 ἐπὶ
1464 1991 1649 2068 χθονὶ
1692 1988 2187 2072 πουλυβοτείρῃ·

576 2092 665 2157 ὣς
708 2096 841 2157 τῶν
886 2090 957 2155 ἐκ
998 2096 1235 2169 χειρῶν
1281 2090 1469 2170 βέλεα
1514 2089 1688 2174 ῥέον,
1733 2090 1889 2170 ἠμὲν
1935 2092 2208 2171 Ἀχαιῶν

365 2261 372 2272 ,
411 2202 534 2261 160
575 2195 690 2274 ἠδὲ
734 2191 835 2257 καὶ
878 2191 947 2256 ἐκ
989 2192 1266 2272 Τρώων·
1311 2191 1579 2272 κόρυθες
1623 2194 1680 2258 δ’
1723 2193 1882 2274 ἀμφ’
1927 2192 2091 2258 αὖον
2138 2192 2371 2258 ἀύτευν

579 2295 962 2377 βαλλόμεναι
1006 2295 1336 2373 μυλάκεςςι
1382 2296 1485 2359 καὶ
1528 2292 1785 2360 ἀςπίδες
1831 2293 2278 2375 ὀμφαλόεςςαι.

579 2400 656 2479 δή
703 2400 784 2479 ῥα
826 2397 960 2461 τότ’
1005 2397 1267 2480 ᾤμωξέν
1312 2418 1382 2462 τε
1426 2397 1527 2462 καὶ
1571 2397 1626 2460 ῶ
1670 2398 2035 2475 πεπλήγετο
2080 2399 2259 2477 μηρὼ

543 2546 611 2599 V.
651 2565 701 2603 1..
763 2553 860 2602 144
894 2555 1084 2615 τρῷας
1119 2547 1178 2604 L.
1215 2550 1395 2617 αὐτὰρ
1433 2548 1475 2601 G
1535 2550 1722 2614 γένετ’
1746 2549 1899 2603 CDL.
1939 2551 2139 2616 φόβοςε
2182 2551 2358 2603 πόνος
2395 2547 2454 2601 L.
2498 2579 2558 2587 --
2599 2553 2694 2601 145

407 2614 518 2668 ΤΩΙ
554 2614 745 2668 Ambr.
790 2635 834 2671 π
870 2617 1034 2671 όςθεν
1069 2616 1136 2670 G.
1183 2619 1436 2672 ἀϊξαντεε
1483 2619 1837 2684 όρμὴςαντεὶ)
1882 2617 2033 2676 Eust,
2071 2622 2190 2677 896,
2228 2623 2310 2669 ⁶25.
2355 2647 2419 2655 --
2462 2622 2555 2670 146
2591 2617 2693 2670 ἑοι-

407 2682 572 2737 κότες
616 2681 758 2737 DHS
854 2684 1018 2740 ownl.
1057 2684 1213 2741 Vrat.
1259 2686 1315 2738 b.
1353 2686 1419 2739 A.
1465 2688 1551 2738 τώ
1589 2689 1668 2739 τέ
1714 2687 1770 2741 οἵ
1805 2688 1860 2738 τ’
1901 2685 1953 2738 Η
1999 2684 2211 2741 Townl.
2258 2686 2437 2752 ὄρεςςι
2473 2684 2592 2739 DH.
2628 2714 2689 2723 —

410 2755 506 2803 147
531 2751 757 2807 ΔΕΧΕΤ
761 2753 825 2807 ΑΙ
853 2754 1105 2810 Ambros.
1141 2755 1427 2819 δεδέχαται
1454 2753 1521 2806 Η.
1558 2755 1763 2820 δέχατο
1803 2794 1815 2806 .
1845 2795 1856 2807 .
1886 2801 1898 2812 .
1928 2796 1939 2806 .
1968 2755 2137 2807 ἐόντα
2162 2752 2360 2806 Zonar.
2384 2751 2516 2806 Lex.
2545 2757 2691 2806 1229.

406 2849 470 2858 -
511 2822 607 2873 148
642 2821 833 2887 δοχμῶ
870 2818 933 2874 L.
969 2839 1096 2889 περι
1131 2822 1197 2876 τέ
1234 2838 1412 2887 ςφιςιν
1449 2820 1517 2874 D.
1555 2824 1682 2890 περὶ
1718 2824 1778 2876 δέ
1816 2838 1958 2888 ςφιςι
1982 2820 2196 2875 Townl.
2234 2821 2291 2873 in
2317 2820 2358 2874 C
2393 2838 2542 2877 man.
2582 2837 2693 2874 reo.

406 2885 534 2940 add.
582 2888 643 2942 δὲ
687 2889 816 2957 post
860 2891 1003 2957 περὶ.
1052 2919 1115 2928 -
1168 2895 1263 2944 149
1310 2890 1656 2956 ἑκτάμνοντε
1704 2888 1801 2944 CH
1836 2888 1982 3010 Life.
2004 2889 2156 3009 gost
2189 2905 2291 2941 raa.
2338 2889 2477 2943 ὑπαι
2520 2887 2587 2941 D.
2627 2919 2691 2927 —-

411 2960 506 3009 150
540 2956 792 3020 γίγνεται
815 2955 873 3011 L.
918 2956 1218 3012 ΓΙΓΝΕΤΑΙ
1247 2957 1436 3011 Ambr.
1474 2957 1691 3022 γίνεται
1726 2957 1872 3010 ΑΒΕ
1906 2956 1976 3009 Ἠ
2057 2973 2186 3009 raco
2212 2956 2281 3009 do
2307 2955 2470 3011 Metr.
2498 2963 2583 3023 28,
2611 2962 2689 3009 15.

406 3039 469 3076 τε
507 3023 685 3080 omitt.
710 3023 769 3077 L.
806 3025 867 3079 ἐκ
902 3022 947 3077 Ε
982 3031 1100 3090 896,
1138 3032 1227 3079 33:
1266 3027 1381 3079 ἀπὸ
1419 3024 1462 3078 Ε
1498 3031 1615 3091 896,
1652 3034 1733 3079 36.
1774 3028 1960 3080 ἕλοιτο
1984 3025 2212 3078 Barocc.
2251 3055 2316 3063 -—-
2357 3032 2448 3079 151
2489 3029 2567 3079 ώς
2596 3024 2690 3077 AD

412 3099 455 3144 1.
495 3107 641 3144 man.
678 3093 797 3146 ἐπίε
833 3094 915 3145 ἐνὶ
951 3091 1010 3146 L.
1056 3094 1321 3162 ςτήθεεφι
1361 3092 1425 3145 D.
1468 3124 1528 3131 —
1574 3099 1667 3146 153
1704 3097 1878 3148 λαοῑςι
1916 3092 2029 3146 DE.
2076 3095 2392 3158 καθῦπερθε
2429 3092 2492 3145 A.
2531 3095 2694 3145 καθύ·

406 3164 615 3225 περθεν
653 3158 717 3213 G.
755 3160 806 3226 βί
846 3176 910 3226 φι
946 3160 1116 3217 ADH.
1156 3162 1315 3229 βίῃφι
1351 3160 1507 3215 CEG.
1546 3193 1609 3200 —
1650 3168 1746 3215 154
1783 3162 1889 3215 οἵδ’
1913 3159 2120 3214 CGHL.
2159 3161 2463 3227 εὐδμήτων
2489 3160 2605 3212 DII.
2629 3191 2690 3198 --

410 3232 505 3281 155
541 3233 704 3292 (φῶν
739 3230 790 3281 δ’
808 3178 888 3285 Ἰ)
927 3258 990 3267 -
1031 3235 1126 3283 156
1164 3230 1243 3283 ὣς
1279 3228 1339 3282 Ε.
1378 3235 1592 3287 πῖπτον
1616 3231 1663 3281 A
1690 3229 1871 3283 Sehol.
1899 3231 1956 3283 Μ
1982 3234 2108 3283 2783
2148 3229 2361 3282 πίπτον
2384 3226 2691 3281 CDEGHL.

406 3360 470 3370 -
512 3335 607 3382 158
643 3330 1022 3398 πολυβοτείρῃ
1048 3329 1116 3382 D.
1155 3366 1221 3375 -
1260 3336 1356 3384 159
1392 3332 1472 3386 ὡς
1506 3331 1607 3384 AD
1638 3338 1679 3385 1.
1704 3347 1853 3386 man.
1887 3358 1956 3370 —-
1995 3335 2091 3384 160
2124 3333 2334 3398 τρῴων
2360 3329 2419 3384 L.
2454 3314 2691 3396 κόρυθὸς

405 3398 469 3451 A.
507 3397 650 3465 ἀμφ’
682 3398 864 3451 αὐτὸν
898 3397 961 3454 L.
998 3403 1140 3453 αῡον
1165 3397 1229 3455 D.
1270 3400 1476 3454 ἀΰτεον
1513 3399 1579 3453 Η.
1617 3401 1825 3454 ἀΰτευν
1859 3402 2039 3466 ἤγουν
2074 3398 2281 3452 ἀῦτεον
2306 3397 2351 3450 Ε
2376 3403 2493 3463 897,
2527 3403 2602 3451 15.
2630 3428 2692 3436 -

410 3504 499 3553 161
543 3482 911 3565 βαλλόμενςιιῒίν
947 3500 1011 3554 A.
1050 3529 1117 3539 —
1155 3506 1251 3556 162
1288 3502 1355 3567 δὴ
1394 3502 1466 3568 ῥὰ
1502 3500 1715 3556 CDHL.
1753 3502 1956 3568 ᾤμωξέ
1991 3518 2057 3554 τε
2096 3498 2160 3553 G.
2207 3503 2296 3553 καὶ
2335 3501 2693 3567 ἑπεπλήγετο

404 3565 465 3621 L.
505 3569 552 3637 ᾧ
582 3610 593 3620 .
623 3610 637 3624 .
662 3608 675 3621 .
703 3576 865 3639 μηρῷ
904 3567 944 3624 C
982 3584 1052 3621 ex
1087 3584 1227 3622 corr.
1262 3585 1410 3622 man.
1449 3586 1558 3623 roo.
1598 3568 1645 3621 D
1683 3567 1914 3634 Townl„
1951 3568 2096 3623 conf.
2133 3570 2178 3622 Ο
2208 3574 2320 3634 113,
2360 3574 2477 3633 397,
2517 3585 2551 3621 ν
2580 3573 2690 3622 198.

541 3705 609 3761 A.
645 3721 693 3758 c.
749 3710 844 3759 144
882 3706 1060 3772 φόβος
1096 3704 1462 3758 Aristarchus·
1501 3735 1562 3744 ——
1606 3709 1701 3757 147
1737 3706 1923 3758 οὕτως
1961 3706 2023 3758 ἐν
2059 3704 2293 3758 ἁπάςαις
2329 3705 2557 3770 δέχαται
2581 3703 2691 3756 Di-

405 3773 663 3842 dymus.
703 3803 767 3812 —
808 3779 906 3828 148
940 3775 1131 3840 δοχμώ
1169 3771 1538 3829 Herodianus,
1578 3803 1641 3811 —-
1698 3778 1793 3826 153
1830 3775 2068 3826 λαοῑςινε
2108 3773 2322 3825 λάεςςιν
2360 3770 2690 3825 Zenodotus.

403 3844 474 3896 τὸ
510 3843 573 3896 δὲ
609 3840 767 3910 βίηφι
811 3843 985 3909 χωρὶς
1026 3846 1131 3896 τοῦ
1167 3843 1189 3895 i
1223 3843 1370 3895 ἐςτιν
1415 3839 1599 3894 Schol.
1637 3840 1703 3905 V,
1739 3840 1883 3894 conf.
1933 3838 2103 3916 H.·U.
2146 3845 2258 3893 185.
2304 3869 2366 3878 —
2416 3846 2511 3893 157
2557 3840 2693 3903 ζαὴς

402 3908 549 3963 Ptol.
582 3908 908 3963 Ascalonita
941 3909 1002 3963 et
1035 3907 1388 3963 Herodianus
1423 3925 1552 3961 cum
1588 3906 1934 3973 Aristarch0‚
1970 3907 2101 3960 Vide
2139 3906 2346 3961 Herod.
2385 3906 2458 3960 ad
2497 3925 2533 3972 μ
2566 3914 2690 3961 313:

405 3976 502 4031 alii
537 3978 687 4056 ζάης.
724 4007 792 4017 —-
832 3982 928 4033 158
962 3976 1317 4030 Aristarchus
1353 3977 1413 4030 et
1445 3974 1685 4030 Ptolem.
1723 3974 2042 4029 Ascalonita
2085 3977 2382 4042 ταρφειάςε
2419 3975 2693 4042 ταρφείας

404 4043 705 4113 Dionysum
737 4044 950 4111 Thrax,
998 4045 1142 4098 conf.
1187 4043 1417 4122 Herod3
1442 4044 1514 4097 ad
1549 4045 1595 4097 Τ
1635 4050 1761 4110 355,
1799 4045 1849 4122 A
1880 4050 1963 4098 5-2.
2000 4073 2066 4082 -
2106 4049 2199 4097 159
2235 4044 2422 4098 οὕτως
2465 4045 2552 4097 διὰ
2587 4048 2692 4097 τοῦ

403 4129 470 4217 Ξ
491 4115 623 4232 ‘1⁶33'
626 4152 637 4166 ·
649 4114 967 4247 ..ffzvztgssz
1003 4111 1391 4234 ἧίᾧέἓὶἶέῗ
1401 4111 1516 4218 ’ΞΥ
1526 4129 1633 4234 ῗὲῖ
1646 4110 2694 4247 ⁸..&3352033223320122305¹3.-

406 4248 747 4315 βαλλόμεναι
783 4248 1132 4317 DidymuS.
1193 4250 1557 4317 βαλλόμεναιε
1597 4250 1750 4307 οὕτω
1786 4248 2113 4317 Ζηνόδοτος
2151 4246 2335 4302 Schol.
2380 4246 2442 4302 V.
