3144 5006
493 457 576 521 68
1408 456 1744 512 ιΛιΑΔος
1804 459 1872 514 ο.

840 609 929 673 ὣς
974 610 1178 688 φάτο·
1227 611 1515 688 μείδηςεν
1561 612 1634 674 δὲ
1677 611 1886 689 πατὴρ
1931 608 2193 690 ἀνδρῶν
2236 632 2308 676 τε
2352 617 2520 679 θεῶν
2563 633 2671 696 τε,

663 711 762 775 καί
805 732 910 789 μιν
954 710 1370 791 ἀμειβόμενος
1415 712 1576 777 ἔπεα
1620 712 1973 791 πτερόεντα
2016 714 2378 793 προςηύδα·

839 813 892 877 εἰ
934 816 1050 892 μὲν
1096 815 1172 893 δὴ
1220 816 1289 880 ςύ
1334 815 1392 889 γ’
1436 813 1656 878 ἔπειτα
1702 821 1907 895 βοῶπι
1950 815 2184 880 πότνια
2228 817 2393 895 Ἥρη

542 921 626 979 50
666 914 810 980 ἶςον
857 916 997 995 ἐμοὶ
1041 916 1411 997 φρονέουςα
1456 916 1587 995 μετ’
1633 916 1996 982 ἀθανάτοιςι
2041 919 2347 1000 καθίζοις,

661 1021 753 1082 τῶ
798 1038 868 1083 κε
909 1018 1290 1083 Ποςειδάων
1335 1038 1439 1099 γε,
1486 1019 1590 1082 καὶ
1634 1017 1685 1081 εἰ
1731 1019 1898 1097 μάλα
1943 1019 2240 1099 βούλεται
2287 1019 2481 1103 ἄλλῃ,

663 1117 831 1199 αἶψα
875 1118 1320 1200 μεταςτρέψειε
1367 1118 1527 1184 νόον
1575 1121 1732 1198 μετὰ
1777 1122 1890 1185 ςὸν
1935 1122 2036 1186 καὶ
2080 1121 2237 1201 ἐμὸν
2282 1126 2420 1201 κῆρ.

668 1219 809 1286 ἀλλ’
854 1219 907 1285 εἰ
949 1221 1028 1299 δή
1074 1219 1131 1299 ῥ’
1175 1221 1357 1286 ἐτεόν
1402 1242 1475 1297 γε
1521 1223 1626 1286 καὶ
1669 1221 1986 1300 ἀτρεκέως
2032 1221 2391 1302 ἀγορεύεις,

664 1323 853 1402 ἔρχεο
899 1326 1017 1387 νῦν
1063 1324 1220 1402 μετὰ
1264 1325 1441 1401 φῦλα
1484 1330 1686 1405 θεῶν,
1732 1326 1837 1389 καὶ
1877 1328 2070 1403 δεῦρο
2116 1325 2421 1391 κάλεςςον

479 1495 487 1508 ,
540 1429 620 1486 55
665 1422 819 1503 Ἶρίν
863 1425 916 1487 τ’
962 1424 1290 1503 ἐλθέμεναι
1333 1425 1438 1489 καὶ
1480 1425 1864 1490 Ἀπόλλωνα
1907 1427 2317 1492 κλυτότοξον.

662 1524 818 1605 ὄφρ’
860 1527 899 1604 ἢ
945 1527 1059 1606 μὲν
1105 1527 1262 1604 μετὰ
1306 1527 1469 1591 λαὸν
1513 1527 1788 1605 Ἀχαιῶν
1836 1529 2332 1607 χαλκοχιτώνων

663 1627 848 1712 ἔλθῃ,
895 1629 996 1691 καὶ
1038 1626 1242 1710 εἴπῃςι
1286 1629 1689 1695 Ποςειδάωνι
1733 1629 1954 1695 ἄνακτι

661 1729 1074 1807 παυςάμενον
1118 1730 1433 1811 πολέμοιο
1479 1733 1558 1797 τὰ
1603 1731 1645 1795 ἃ
1686 1733 1851 1812 πρὸς
1897 1731 2138 1812 δώμαθ’
2180 1731 2446 1815 ἱκέςθαι,

664 1831 939 1910 Ἕκτορα
982 1833 1039 1896 δ’
1083 1830 1381 1916 ὀτρύνῃςι
1424 1833 1633 1912 μάχην
1678 1833 1744 1898 ἐς
1789 1833 2031 1913 Φοῖβος
2075 1833 2434 1899 Ἀπόλλων.

538 1938 623 1996 60
667 1932 844 1997 αὖτις
889 1933 946 1997 δ’
988 1933 1366 2018 ἐμπνεύςῃςι
1409 1934 1634 2016 μένος,
1678 1935 1912 2019 λελάθῃ
1958 1936 2015 1999 δ’
2057 1934 2390 2019 ὀδυνάων,

663 2035 730 2098 αἳ
774 2039 892 2100 νῦν
939 2055 1043 2114 μιν
1085 2035 1359 2114 τείρουςι
1403 2037 1561 2100 κατὰ
1606 2036 1881 2120 φρένας,
1927 2037 2131 2116 αὐτὰρ
2175 2038 2468 2116 Ἀχαιοὺς

667 2134 842 2202 αὖτις
887 2136 1361 2222 ἀποςτρέψῃςιν
1406 2137 1716 2203 ἀνάλκιδα
1761 2137 1973 2217 φύζαν
2018 2139 2314 2223 ἐνόρςας,

666 2239 1024 2318 φεύγοντες
1072 2240 1132 2304 δ’
1176 2239 1473 2317 ἐν’νηυςὶ
1516 2240 1886 2318 πολυκλήιςι
1931 2242 2165 2305 πέςωςι

663 2341 998 2418 Πηλείδεω
1045 2340 1365 2420 Ἀχιλῆος·
1413 2342 1451 2406 ὃ
1495 2342 1552 2405 δ’
1596 2340 1882 2420 ἀνςτήςει
1928 2343 2008 2407 ὃν
2053 2342 2313 2421 ἑταῖρον

536 2445 616 2505 65
661 2440 1077 2521 Πάτροκλον·
1123 2444 1241 2509 τὸν
1286 2442 1358 2507 δὲ
1401 2446 1610 2508 κτενεῖ
1654 2442 1830 2524 ἔγχεί·
1873 2444 2173 2526 φαίδιμος
2217 2443 2456 2523 Ἕκτωρ

670 2543 854 2609 Ἰλίου
897 2545 1299 2624 προπάροιθε
1343 2545 1588 2610 πολέας
1631 2545 1921 2611 ὀλέςαντ’
1966 2547 2225 2624 αἰζηοὺς

658 2648 812 2711 τοὺς
857 2646 1095 2713 ἄλλους
1109 2697 1127 2730 ,
1178 2648 1333 2727 μετὰ
1378 2647 1435 2711 δ’
1479 2647 1623 2713 υἱὸν
1670 2648 1826 2725 ἐμὸν
1874 2647 2254 2728 (αρπηδόνα
2297 2651 2461 2713 δῖον.

498 2804 630 2811 —-—

626 2865 694 2921 V.
731 2885 779 2923 1..
842 2872 907 2921 47
946 2867 1025 2921 ὡς
1073 2867 1138 2920 A.
1194 2868 1414 2935 μείδηςε
1452 2865 1504 2919 Η
1540 2865 1687 2936 Lips.
1735 2896 1801 2907 -
1846 2872 1915 2924 48
1960 2867 2051 2921 καί
2096 2884 2187 2934 μιν
2232 2868 2502 2935 φωνήςας
2536 2866 2694 2922 Vrat.
2730 2869 2788 2926 b.

496 2937 785 3003 προςηῡδα
821 2933 886 2993 D.
925 2964 993 2974 —-
1027 2940 1093 2988 49
1130 2938 1311 3000 βοῶπι
1347 2934 1465 2988 AL:
1513 2935 1688 2988 ceteri
1726 2938 1968 3000 βοῶπις,
2008 2935 2153 2991 conf.
2201 2937 2246 2989 Θ
2283 2941 2400 2989 420.
2440 2935 2478 2989 C
2513 2941 2630 2992 385.
2666 2942 2789 2991 424.

490 3004 535 3056 Ω
570 3008 652 3057 88.
690 3020 717 3057 ε
753 3009 837 3057 87.
874 3020 921 3056 ω
963 3008 1074 3060 192,
1113 3003 1183 3056 de
1206 3002 1579 3071 productione
1616 3002 1827 3056 vocalis
1862 3003 2051 3056 brevis
2075 3005 2207 3057 ante
2244 3008 2286 3056 τῖ
2322 3001 2466 3059 conf.
2503 3002 2570 3056 H.
2607 3003 2675 3057 U.
2699 3009 2788 3062 65.

492 3101 553 3110 -—
596 3078 663 3125 50
697 3072 818 3125 ἴςον
865 3070 932 3124 D.
980 3072 1216 3124 καθίζεις
1260 3069 1346 3124 Es
1394 3069 1624 3124 Barocc.
1672 3068 1886 3124 Townl.
1932 3099 1999 3109 -
2042 3075 2101 3125 51
2153 3077 2239 3123 τῶ
2285 3069 2553 3124 ACDHL:
2590 3077 2676 3142 τῷ
2718 3070 2787 3125 G.

494 3157 594 3194 κεν
632 3135 676 3191 G
717 3138 865 3192 Flor.
905 3139 1191 3192 ποςιδάων
1226 3140 1274 3192 A
1302 3140 1362 3192 et
1394 3136 1452 3190 in
1488 3154 1667 3208 marg.
1694 3139 2026 3193 ποςειδάων.
2065 3154 2129 3204 γε
2166 3139 2346 3194 omitt.
2385 3138 2539 3193 Harl.
2569 3138 2787 3193 Townl.

501 3236 567 3246 -
593 3211 658 3260 52
686 3207 1051 3274 μετατρέψειε
1078 3206 1131 3258 S.
1162 3206 1401 3328 μεταλΑ.
1429 3236 1486 3245 -
1517 3212 1584 3260 54
1621 3223 1760 3273 μετα
1784 3208 1853 3262 A.
1888 3207 2126 3261 κάλεςον
2153 3205 2217 3260 G.
2252 3208 2313 3260 ἑν
2339 3209 2494 3275 ἄλλῳ
2522 3208 2790 3261 κέλευςον

1274 3293 1304 3328 κ
1347 3280 1450 3327 ῦτο

490 3343 556 3397 A.
593 3372 659 3389 —-.·
696 3346 761 3395 55
798 3344 1126 3397 κλιτότοξον
1164 3342 1232 3400 G.
1271 3344 1612 3410 χρυςότοξον
1649 3340 1689 3395 C
1727 3344 1925 3407 (κλῠτο
1951 3348 1999 3400 2.
2023 3358 2172 3396 man.
2200 3340 2369 3408 add).
2406 3373 2474 3381 —
2508 3346 2573 3396 56
2607 3342 2643 3409 ἢ
2681 3344 2787 3409 μὲν

495 3408 551 3462 C.
590 3411 805 3476 ἀχαιῶν
842 3412 983 3475 μετὰ
1018 3413 1159 3465 λαὸν
1198 3409 1254 3465 C.
1310 3410 1757 3476 χαλκοχιτώνων
1801 3413 1869 3464 A.
1927 3440 1990 3450 —
2045 3416 2108 3464 57
2147 3412 2450 3464 ποςιδάωνι
2493 3412 2557 3468 A.
2604 3439 2669 3449 —
2718 3416 2788 3465 58

496 3512 838 3580 παυςαμένῳ
877 3510 921 3565 Ε
956 3511 1043 3565 bis
1078 3512 1239 3565 Rom.
1275 3476 1557 3579 nokeni(
1554 3510 1620 3566 G.
1663 3543 1723 3551 —
1763 3518 1827 3566 59
1863 3514 2045 3579 μάχην
2083 3514 2141 3566 ἒς
2175 3513 2240 3569 A.
2279 3541 2339 3551 —
2379 3517 2446 3566 60
2480 3513 2640 3567 αὖθϊς
2678 3510 2782 3565 CL.

492 3579 839 3647 ἀμπνεύςηςι
874 3579 933 3632 L.
973 3582 1198 3635 λελάθοι
1236 3579 1288 3632 Η
1333 3580 1496 3650 frgm.
1544 3579 1714 3633 Mose.
1767 3610 1833 3619 --
1886 3586 1945 3632 61
1986 3580 2260 3647 τείρουςιν
2296 3596 2441 3634 κατα
2475 3578 2543 3634 D.
2601 3609 2666 3618 -
2719 3584 2787 3632 62

493 3648 652 3702 αὖθϊς
692 3646 749 3702 C.
784 3648 1167 3718 ὑποςτρέψῃςι
1202 3647 1342 3701 Mor.
1369 3678 1431 3688 -
1457 3654 1523 3701 63
1559 3651 1889 3714 πολυκλῑηςι
1927 3646 1994 3701 G.
2036 3648 2240 3702 πέςωςι
2277 3645 2574 3701 ACDEGH
2601 3645 2787 3701 Schol.

399 3706 412 3721 ⁸
493 3716 541 3772 Ο.
585 3720 678 3771 56:
737 3717 974 3770 πέςωςιν
1021 3715 1081 3773 L.
1121 3746 1184 3756 -—
1238 3721 1305 3769 64
1350 3716 1382 3769 ὃ
1418 3718 1468 3771 δ’
1501 3714 1567 3768 D.
1616 3717 1701 3769 ὅδ’
1745 3714 1949 3769 CGHL.
2011 3717 2272 3780 ἀνςτήςοι
2315 3713 2374 3767 L.
2424 3716 2668 3783 ἀνςτήςῃ
2718 3714 2784 3772 Ε.

489 3785 813 3851 ἀνςτήςειεν
849 3782 903 3838 S.
960 3815 1027 3825 «—
1080 3789 1146 3837 66
1182 3785 1418 3840 πολέαςε
1473 3788 1669 3837 πολεῖς
1715 3782 2011 3837 ADEGHS
2057 3786 2119 3837 et
2162 3782 2370 3851 Heynii
2415 3780 2547 3836 libri
2593 3781 2781 3837 Schol.

492 3852 534 3905 Ν
575 3858 691 3907 734.
731 3855 943 3907 πολοὺς
981 3853 1042 3910 C.
1078 3854 1332 3907 ὁλέςοντ’
1365 3854 1414 3906 Α
1451 3854 1512 3905 et
1545 3851 1605 3904 in
1640 3866 1819 3921 marg.
1855 3853 2130 3905 ὁλέςαντ’.
2167 3881 2229 3890 -
2267 3855 2332 3906 67
2371 3867 2513 3918 μετα
2548 3851 2616 3904 Η.

626 4060 692 4117 A.
727 4076 775 4114 ο.
843 4064 910 4114 49
945 4058 1325 4125 ἀριςτοφάνης
1362 4063 1503 4123 μετὰ
1537 4060 1661 4137 120—
1680 4060 1712 4110 ἱ
1750 4059 1982 4121 βοῶπις.
2019 4058 2112 4110 καὶ
2148 4057 2294 4111 ἐςτιν
2333 4056 2789 4123 εὐφραδὲςτερον

491 4142 839 4212 Didymus.
874 4173 932 4183 —
994 4148 1059 4198 53
1104 4144 1258 4196 οὕτω
1304 4144 1394 4195 διὰ.
1434 4147 1539 4196 τοῦ
1576 4157 1641 4206 γε
1689 4142 1853 4195 ἐτεόν
1896 4159 1962 4207 γε
2010 4144 2101 4196 καὶ
2147 4141 2524 4208 ἀριςτοφάνης
2570 4138 2789 4208 Didy-

490 4228 650 4265 mus.
691 4241 752 4252 —
790 4218 909 4266 56-
927 4217 991 4266 57
1028 4212 1119 4264 καὶ
1168 4211 1319 4278 παρὰ
1353 4210 1715 4276 ἀριςτοφάνει
1762 4211 2042 4277 ἠθέτηντο
2088 4208 2436 4276 Didymus.
2482 4237 2550 4247 —
2594 4214 2680 4267 63.
2720 4214 2807 4262 64·

490 4278 854 4345 ἀθετοῦνται,
893 4281 980 4333 ὅτι
1017 4280 1224 4343 ψεῦδος
1262 4276 1444 4335 Schol.
1481 4279 1550 4332 A.
1590 4306 1653 4315 —
1691 4282 1757 4330 64
1792 4278 2051 4343 ἀνςτήςει
2098 4280 2166 4331 ὃν
2202 4275 2585 4330 Aristarchus:
2631 4276 2786 4329 τινὲς

491 4345 814 4411 ἀνςτήςειεν
849 4345 1034 4401 Schol.
1071 4346 1137 4399 A.
1161 4375 1227 4383 —
1262 4351 1462 4399 64—77
1499 4346 1825 4412 Ζηνόδοτος
1860 4346 1982 4399 οὐδ’
2018 4348 2169 4400 ὅλως
2206 4346 2456 4412 ἔγραφεν
2491 4341 2678 4398 8ο1ιοΙ.
2718 4345 2788 4401 A.

490 4437 554 4448 —
591 4418 656 4464 66
694 4414 854 4467 Ἰλίου
894 4413 1242 4480 προπάροιθε
1279 4412 1424 4470 conf.
1462 4413 1534 4465 ad
1572 4414 1613 4466 Β
1651 4418 1767 4469 325.
