3144 5006
479 428 607 491 210
1399 427 1730 483 ΙΛΙΑΔΟ(
1782 430 1845 483 Η.

653 583 896 661 δάκρυα
939 582 1140 661 θερμὰ
1185 582 1475 664 χέοντες,
1523 581 1831 662 ἀμαξάων
1873 581 2204 660 ἐπάειραν.

652 684 792 748 οὐδ’
836 684 937 748 εἴα
980 683 1217 749 κλαίειν
1259 682 1546 761 Πρίαμος
1592 684 1819 761 μέγας·
1869 684 1935 746 οἳ
1980 684 2051 748 δὲ
2097 688 2298 766 ςιωπῇ
2330 752 2347 766 ,

650 787 920 865 νεκροὺς
962 789 1272 866 πυρκαϊῆς
1317 784 1673 862 ἐπενήνεον
1718 784 2067 866 ἀχνύμενοι
2113 789 2265 865 κῆρ,

650 888 722 952 ἐν
767 889 839 953 δὲ
884 889 1035 967 πυρὶ
1078 888 1430 966 πρήςαντες
1470 885 1626 967 ἔβαν
1671 889 1863 966 προτὶ
1904 888 2099 953 Ἴλιον
2142 886 2303 965 ἱρήν.

480 994 608 1051 430
652 990 739 1054 ὣς
783 989 842 1054 δ’
884 989 1095 1065 αὔτως
1139 987 1455 1068 ἑτέρωθεν
1502 988 1874 1068 ἐυκνήμιδες
1916 989 2168 1068 Ἀχαιοὶ

651 1090 918 1169 νεκροὺς
961 1094 1273 1169 πυρκαϊῆς
1319 1090 1676 1169 ἐπενήνεον
1722 1090 2067 1170 ἀχνύμενοι
2113 1094 2263 1170 κῆρ,

651 1193 723 1258 ἐν
769 1194 840 1257 δὲ
885 1192 1041 1270 πυρὶ
1082 1192 1437 1271 πρήςαντες
1479 1191 1637 1273 ἔβαν
1682 1192 1900 1257 κοίλας
1946 1191 2051 1257 ἐπὶ
2094 1196 2274 1271 νῆας.

562 1296 751 1372 (ἐγ
815 1293 978 1373 ἦμος
1021 1294 1080 1359 δ’
1125 1295 1263 1359 οὔτ’
1305 1294 1387 1374 ἄρ
1432 1315 1537 1358 πω
1582 1294 1745 1372 ἠώς,
1791 1294 1884 1360 ἔτι
1927 1295 1984 1359 δ’
2028 1294 2350 1375 ἀμφιλύκη
2393 1292 2541 1376 νύξ,

647 1398 845 1475 τῆμος
889 1393 991 1472 ἄρ’
1034 1394 1197 1477 ἀμφὶ
1239 1397 1452 1475 πυρὴν
1498 1396 1709 1476 κριτὸς
1754 1396 1987 1475 ἤγρετο
2031 1397 2191 1460 λαός
2233 1395 2536 1474 Ἀχαιῶν,

480 1502 605 1559 435
649 1498 892 1577 τύμβον
938 1495 997 1560 δ’
1038 1496 1199 1577 ἀμφ’
1243 1497 1440 1578 αὐτὴν
1486 1498 1603 1564 ἕνα
1646 1497 1875 1564 ποίεον
1920 1497 2339 1575 ἐξαγαγόντες

648 1600 906 1678 ἄκριτον
954 1598 1022 1664 ἐκ
1066 1598 1324 1682 πεδίου,
1371 1600 1523 1666 ποτὶ
1548 1599 1623 1665 ’δ’
1666 1599 1874 1665 αὐτὸν.
1911 1601 2122 1679 τεῖχος
2165 1599 2422 1679 ἔδειμαν

648 1701 937 1780 πύργους
982 1700 1041 1765 θ’
1085 1701 1409 1784 ὑψηλούς,
1454 1701 1637 1782 εἶλαρ
1683 1707 1858 1781 νηῶν
1902 1722 1970 1766 τε
2014 1702 2116 1773 καὶ
2159 1700 2389 1766 αὐτῶν.

648 1802 720 1868 ἐν
762 1804 820 1867 δ’
864 1802 1116 1879 αὐτοῖςι,
1151 1804 1359 1868 πύλας
1402 1804 1740 1870 ἐνεποίεον
1785 1803 1857 1869 εὖ
1902 1802 2237 1883 ἀραρυίας,

650 1903 830 1985 ὄφρα
874 1904 955 1969 δι’
997 1903 1259 1971 αὐτάων
1301 1906 1645 1985 ἱππηλαςίη
1690 1906 1846 1971 ὁδὸς
1891 1904 2015 1985 εἴη·
2097 1925 2111 1937 “
2171 1981 2182 1997 ·

480 2011 606 2070 440
649 2006 946 2071 ἔκτοςθεν
992 2008 1064 2071 δέ
1111 2010 1369 2087 βαθεῖαν
1414 2007 1516 2072 ἐπ’
1558 2007 1735 2089 αὐτῷ
1781 2007 2038 2087 τάφρον
2083 2004 2357 2097 ὄρυξαν,

649 2108 908 2188 εὐρεῖαν
952 2107 1267 2189 μεγάλην,
1315 2107 1388 2174 ἐν
1434 2109 1504 2173 δὲ
1548 2099 1869 2172 ςκόλὸπας
1913 2092 2284 2187 κατέπηξαν.

818 2210 906 2275 ῶς
949 2209 1019 2273 οἳ
1055 2209 1170 2288 μὲν
1215 2209 1538 2274 πονέοντο
1584 2208 1743 2287 κάρη
1787 2207 2151 2285 κομόωντες
2197 2208 2461 2287 Ἀχαιοί·

654 2311 718 2375 οἱ
763 2311 835 2374 δέ
879 2309 1016 2374 θεοὶ
1056 2310 1188 2387 πὰρ
1233 2309 1391 2388 Ζηνὶ
1435 2310 1777 2388 καθήμενοι
1820 2308 2241 2393 ἀςτεροπητῇ·

647 2415 917 2490 θηεῦντο
960 2411 1122 2490 μέγα
1163 2410 1361 2489 ἔργον
1405 2411 1676 2490 Ἀχαιῶν
1720 2410 2240 2490 χαλκοχιτώνων.

477 2519 600 2576 445
644 2516 801 2577 τοῖςι
846 2513 918 2578 δε
960 2513 1182 2592 μύθων
1225 2512 1382 2593 ἦρχε
1425 2510 1806 2579 Ποςειδάων
1849 2514 2232 2594 ἐνοςίχθων·

814 2614 944 2679 Ζεῦ
987 2614 1218 2693 πάτερ,
1262 2613 1302 2693 ἢ
1349 2613 1431 2694 ῥά
1472 2613 1565 2680 τίς
1610 2613 1736 2680 ἐςτι
1782 2620 2033 2695 βροτῶν
2064 2615 2169 2680 ἐπ’
2196 2613 2509 2705 ἀπείρονα
2550 2618 2764 2699 γαῖαν,

613 2816 684 2875 V.
723 2836 775 2871 1..
828 2822 931 2872 426
965 2817 1232 2883 ἀμαξάων
1267 2815 1453 2871 ADLS
1489 2816 1630 2873 Mor.
1670 2816 1828 2876 Cant.
1865 2818 2136 2884 ἀμαξάων
2159 2815 2368 2873 CEGH.
2406 2819 2672 2885 ἐπάειραν
2698 2820 2762 2871 A.

479 2952 541 2961 —
578 2924 678 2974 427
715 2919 770 2974 οἳ
806 2921 867 2975 δὲ
892 2918 951 2974 C.
986 2921 1048 2974 ἐν
1083 2920 1239 2988 ἄλλῳ
1268 2920 1410 2974 ἀλλὰ
1445 2925 1629 2989 ςιωπῇ
1656 2920 1722 2974 A.
1758 2949 1825 2959 ——
1858 2925 1960 2976 428
1996 2896 2270 2989 πυρκαιῆέ
2298 2924 2364 2974 A.
2402 2922 2680 2989 πυρκαῒης
2705 2918 2761 2973 S.

479 2990 819 3056 ἐπενήνεονε
856 3005 942 3056 γρ.
981 2989 1073 3043 καὶ
1107 2989 1435 3055 ἐπινήνεον,
1472 2991 1563 3042 καὶ
1597 2991 1748 3043 ἐςτιν
1776 2988 1947 3047 ,ίακόν
1981 2992 2046 3042 A.
2071 3018 2141 3028 —-
2163 2995 2263 3043 429
2298 2990 2466 3057 προτὶ
2490 2986 2762 3042 ACDHL:

480 3060 613 3124 ποτὶ
651 3055 757 3112 GS.
796 3086 856 3096 --
893 3062 997 3112 430
1034 3056 1114 3111 ὡς
1149 3057 1215 3109 A.
1251 3058 1441 3111 αύτως
1476 3058 1544 3110 A.
1582 3059 1771 3111 αὕτως
1799 3054 1962 3109 GHL.
1998 3058 2326 3125 εύκνὴμιδες
2352 3055 2525 3109 DGH.
2564 3086 2628 3094 -—
2663 3061 2760 3108 431

477 3135 753 3227 πυρκαϊῆἒ
776 3159 842 3215 A.
878 3188 943 3197 —
978 3159 1206 3257 ⁴3²·‘m
1228 3159 1292 3211 A.
1328 3187 1395 3196 —
1426 3163 1529 3235 433
1565 3159 1743 3226 οῠτάρ
1767 3158 1834 3210 A.
1869 3186 1936 3196 ——
1969 3163 2072 3213 434
2092 3163 2273 3226 τῆμος
2295 3159 2347 3210 δ’
2367 3158 2444 3223 ἀμ
2494 3156 2760 3234 {Barnea

475 3225 1066 3360 2⁶32*..3ss.{1·‚.⁶¹32?222
1102 3224 1529 3346 ..Qssf‘xnhffff
1554 3227 1898 3362 5325&
1923 3228 2201 3348 433αέῗί
2217 3228 2397 3347 ὶιὶἶὲῗ
2434 3298 2478 3346 1.
2515 3227 2764 3357 {⁵1⁸¹‘Z'1'ia‘p

479 3362 546 3415 H.
583 3364 738 3429 εἰλαρ
773 3360 839 3414 A.
874 3363 941 3415 τέ
976 3363 1039 3415 A.
1077 3391 1141 3400 -—
1188 3366 1287 3415 438
1323 3359 1615 3415 ἐνεποίεον
1649 3362 1716 3414 A.
1761 3390 1827 3399 -
1872 3367 1974 3415 440
2009 3363 2126 3416 ἐπί
2162 3363 2226 3417 ἐν
2263 3359 2300 3414 S
2337 3359 2497 3416 Cant.
2542 3361 2763 3427 ὤρυξαν

479 3462 591 3517 EG.
631 3492 695 3503 —
732 3468 828 3517 441
868 3463 958 3517 ἐνε
996 3465 1125 3530 περὶ
1170 3460 1261 3516 HS
1297 3432 1470 3517 Οεῖἵ.
1502 3493 1564 3502 -
1609 3467 1712 3516 442
1747 3463 1803 3517 οἳ
1849 3464 1949 3530 μὲν
1985 3462 2043 3516 C.
2089 3462 2232 3530 κάρη
2268 3462 2595 3528 κομόωντες
2633 3460 2759 3514 AII:

478 3532 653 3585 ceteri
690 3533 1175 3599 καρηκομόωντες.
1213 3561 1280 3571 -
1313 3537 1415 3586 443
1450 3547 1565 3597 παρ
1592 3530 1709 3588 AD.
1746 3560 1811 3570 —·
1844 3536 1946 3584 444
1982 3531 2424 3627 χαλκέηετώνων
2461 3531 2524 3583 Α.
2562 3559 2627 3568 -
2662 3535 2765 3581 44ῠ

480 3638 662 3701 μῦθον
696 3633 765 3688 D.
799 3663 866 3673 —-
898 3637 1001 3687 446
1036 3638 1123 3688 τῖς
1158 3634 1273 3687 ἐςτὶ
1308 3630 1465 3687 ΟΕΗ.
1498 3633 1585 3688 τίς
1620 3632 1735 3688 ἐςτί
1772 3632 1837 3689 G.

807 3761 884 3768 0—-

615 3821 679 3874 A.
716 3838 764 3873 e.
816 3824 919 3874 428
954 3821 1141 3874 οὕτως
1177 3817 1502 3939 ἀρίςταέχος
1527 3819 1803 3886 πυρκαϊὰς
1830 3820 1950 3887 (sic)
1990 3820 2131 3873 κατὰ
2153 3820 2385 3885 γενικὴν
2410 3816 2761 3885 Didymae,

477 3891 630 3944 idem
666 3889 721 3944 αί
757 3891 818 3943 δὲ
852 3889 1183 3957 Ζηνοδότου
1220 3886 1310 3952 (cf.
1407 3928 1420 3941 .
1455 3885 1518 3939 Τ.
1557 3893 1641 3952 54,
1679 3904 1736 3940 ιι.
1772 3891 1860 3954 82)
1898 3892 2161 3956 πυρκαῑῇ,
2200 3888 2289 3940 καὶ
2326 3887 2441 3940 ἔςτι
2484 3887 2765 3953 χαριέςτε-

477 3977 595 4027 ρον.
630 3986 699 3997 -
732 3963 833 4011 434
869 3956 1105 4025 antiqua
1139 3955 1417 4022 scriptura
1439 3955 1700 4009 ΕΓΡΕΤΟ
1737 3971 1839 4023 pro
1875 3958 2085 4022 ἤγρετο
2109 3954 2506 4025 grammaticos
2544 3954 2764 4007 veteres

477 4029 536 4079 in
574 4041 820 4080 errorem
857 4023 1104 4088 induxit,
1141 4024 1208 4076 ut
1242 4022 1572 4086 ‚omitterent
1596 4029 1643 4075 “ε“
1679 4023 1737 4075 in
1778 4028 1827 4088 ’τῙ
1863 4026 2208 4076 convertere.
2242 4039 2374 4076 nam
2399 4024 2596 4089 ἔγρετο
2621 4021 2763 4075 aori-

476 4097 595 4146 stus
630 4094 701 4146 ab
738 4093 935 4160 ἐγείρω
972 4090 1285 4145 sententiae
1311 4106 1423 4143 non
1448 4091 1737 4156 convenit,
1775 4091 1982 4157 ἀγείρω
2009 4093 2199 4145 autem
2235 4093 2446 4159 ἤγρετο
2480 4088 2634 4154 facit,
2671 4089 2763 4141 vel

477 4163 524 4213 si
561 4164 926 4229 augmentum
963 4158 1278 4228 neglexeris
1313 4159 1545 4224 ἂγρετο,
1591 4158 1735 4212 conf.
1782 4159 1828 4213 Ω
1864 4164 1979 4213 789.
2014 4189 2079 4198 -
2125 4164 2227 4212 436
2264 4157 2666 4226 Aristophanes
2700 4156 2765 4210 ἐν

478 4229 671 4295 πεδίῳ.
712 4259 770 4265 -
806 4233 1079 4281 443-464
1113 4227 1449 4281 ἀθετοῦνται
1486 4227 1659 4292 ςτίχοι
1686 4222 1767 4291 κβ’
1791 4226 2241 4280 Aristonicus,
2278 4227 2525 4293 ἠθέτουν
2556 4226 2763 4290 οἱπερὶ

477 4295 951 4414 ξὲὶνὲῗοῧνῃκαὶ
998 4295 1370 4360 Ἀριςτοφάνη
1424 4297 1516 4349 καὶ
1568 4295 1744 4347 αὐτὸς
1800 4294 2151 4361 Ἀρίςταρχος
2206 4292 2389 4347 Schol.
2437 4292 2565 4388 AY,
2618 4291 2762 4345 conf.
