3144 5006
1256 440 1588 529 ιΛιΑΔος
1642 470 1738 526 lv.
2560 468 2644 535 99

367 633 482 689 125
527 627 693 703 λίγξε
741 628 903 709 βιός,
949 630 1147 709 νευρὴ
1192 630 1264 693 δὲ
1307 627 1453 707 μέγ’
1496 626 1711 710 ἴαχεν,
1763 625 1920 691 ἆλτο
1966 626 2032 690 δ’
2081 624 2295 691 ὀιςτός

526 730 832 810 ὀξυβελὴς
877 731 1027 795 καθ’
1070 731 1300 811 ὅμιλον
1344 729 1710 795 ἑπιπτέςθαι
1759 730 2129 807 μενεαίνων.

695 831 853 897 οὐδὲ
896 832 1075 898 ςέθεν
1121 832 1416 897 Μενέλαε
1460 832 1599 896 θεοὶ
1644 830 1916 913 μάκαρες
1959 829 2317 894 λελάθοντο

528 922 872 1015 ἀθάνατοι,
915 934 1138 1013 πρώτη
1185 934 1257 998 δὲ
1300 933 1466 998 Διὸς
1509 932 1793 1012 θυγάτηρ
1838 932 2123 1010 ἀγελείη,

524 1035 565 1113 ἥ
608 1057 707 1100 τοι
751 1035 987 1114 πρόςθε
1033 1039 1223 1100 ςτᾶςα
1269 1035 1456 1115 βέλος
1501 1033 1842 1115 ἐχεπευκὲς
1889 1033 2150 1112 ἄμυνεν.

366 1141 486 1199 130
526 1137 565 1215 ἣ
609 1139 681 1201 δὲ
724 1135 921 1203 τόςον
965 1138 1079 1216 μὲν
1125 1136 1348 1216 ἔεργεν
1394 1135 1527 1201 ἀπὸ
1571 1136 1798 1215 χροός,
1847 1136 1938 1201 ὡς
1983 1135 2091 1199 ὅτε
2137 1136 2338 1213 μήτηρ

527 1239 754 1304 παιδὸς
800 1239 989 1324 ἐέργῃ
1033 1241 1257 1321 μυῖαν,
1301 1238 1409 1303 ὅθ’
1452 1238 1592 1316 ἡδέι
1634 1238 1876 1305 λέξεται
1923 1236 2137 1321 ὕπνῳ·

527 1339 685 1419 αὐτὴ
730 1339 800 1404 δ’
843 1339 993 1404 αὖτ’
1033 1338 1255 1407 ἴθυνεν
1299 1340 1398 1405 ὅθι
1443 1344 1768 1418 ζωςτῆρος
1810 1339 2004 1418 ὀχῆες
2068 1364 2078 1381 ·

524 1441 804 1522 χρύςειοι
848 1441 1117 1522 ςύνεχον
1163 1442 1266 1506 καὶ
1308 1441 1580 1507 διπλόος
1620 1441 1849 1519 ἤντετο
1893 1442 2118 1520 θώρηξ.

526 1543 597 1608 ἐν
643 1543 712 1607 δ’
754 1543 940 1609 ἔπεςε
984 1547 1254 1625 ζωςτῆρι
1298 1542 1562 1623 ἀρηρότι
1604 1531 1830 1623 πικρὸς
1874 1542 2109 1608 ὀιςτός·

368 1649 482 1705 135
527 1644 632 1708 διὰ
674 1645 791 1723 μὲν
833 1644 914 1725 ἂρ
957 1650 1294 1725 ζωςτῆρος
1327 1646 1605 1724 ἐλήλατο
1649 1645 2049 1720 δαιδαλέοιο,

525 1745 626 1809 καὶ
668 1746 776 1810 διὰ
818 1747 1108 1826 θώρηκος
1151 1748 1639 1812 πολυδαιδάλου
1683 1747 2018 1825 ἠρήρειςτο
2352 1804 2365 1815 .

525 1847 741 1927 μίτρης
785 1848 869 1925 θ’,
912 1848 995 1927 ἢν
1041 1848 1267 1930 ἐφόρει
1310 1847 1513 1929 ἔρυμα
1555 1847 1783 1927 χροός,
1829 1848 2015 1927 ἕρκος
2061 1846 2382 1923 ἀκόντων,

525 1949 566 2028 ἧ
611 1949 672 2014 οἱ
715 1952 1013 2016 πλεῖςτον
1057 1950 1279 2029 ἔρυτο·
1322 1951 1429 2014 διὰ
1472 1950 1601 2030 πρὸ
1645 1950 1717 2014 δὲ
1761 1947 1975 2013 εἴςατο
2020 1949 2121 2012 καὶ
2165 1951 2293 2025 τῆς.

527 2050 881 2130 ἀκρότατον
925 2053 993 2117 δ’
1034 2052 1149 2131 ἄρ’
1191 2051 1405 2117 όιςτὸς
1449 2051 1779 2130 ἐπέγραψε
1825 2050 1989 2130 χρόα
2028 2049 2284 2129 ‹pm-roc·
2376 2068 2381 2073 ·

365 2157 484 2214 140
527 2153 748 2218 αὐτίκα
792 2154 862 2217 δ’
904 2152 1129 2234 ἔῤῥεεν
1172 2151 1326 2234 αἷμα
1367 2153 1746 2234 κελαινεφὲς
1789 2152 1854 2220 ἐξ
1900 2152 2180 2229 ὠτειλῆς.

695 2254 786 2319 ὡς
829 2256 897 2318 δ’
940 2254 1049 2320 ὅτε
1093 2255 1186 2320 τίς
1227 2255 1297 2319 τ’
1339 2253 1669 2334 ἐλέφαντα
1710 2256 1873 2333 γυνὴ
1916 2254 2159 2334 φοίνικι
2203 2255 2392 2334 μιήνῃ

528 2355 776 2440 Μῃονὶς
817 2354 894 2432 ἠὲ
941 2356 1203 2436 Κάειρα,
1248 2357 1527 2436 παρήιον
1572 2356 1836 2436 ἔμμεναι
1876 2354 2134 2421 ἵππων·

524 2459 726 2523 κεῖται
765 2458 834 2522 δ’
877 2457 948 2524 ἐν
992 2456 1292 2544 θαλάμῳ,
1336 2457 1570 2524 πολέες
1614 2458 1683 2522 τέ
1728 2477 1832 2538 μιν
1878 2457 2195 2537 ἠρήςαντο

523 2558 757 2637 ἱππῆες
799 2559 1093 2639 φορέειν·
1141 2564 1383 2641 βαςιλῆι
1427 2561 1500 2625 δὲ
1544 2562 1739 2626 κεῖται
1784 2558 2066 2638 ἄγαλμα,

356 2666 477 2724 145
523 2661 928 2743 ἀμφότερον,
972 2660 1205 2742 κόςμός
1248 2663 1318 2726 θ’
1356 2661 1539 2747 ἵππῳ
1586 2662 1844 2741 ἐλατῆρί
1885 2680 1955 2725 τε
1998 2663 2220 2726 κῦδος·

490 2861 562 2915 V.
597 2881 650 2916 1..
705 2867 803 2917 125
835 2862 977 2918 ἀλτο
1010 2862 1488 2917 ADEGHLMNO.
1519 2865 1665 2919 ἆλτο
1701 2862 1761 2918 C.
1796 2865 1938 2920 ἆλτο
1974 2862 2028 2916 S.
2054 2893 2117 2902 -
2147 2868 2242 2916 126
2278 2864 2549 2932 ὀξυβελὴς
2574 2868 2641 2919 A.

348 2995 413 3003 —
456 2971 558 3022 129
594 2965 804 3031 πρόςθε
827 2964 1020 3044 ERN:
1058 2967 1303 3033 πρόςθεν
1339 2965 1711 3020 ACDGLMO.
1750 2965 2049 3033 ἐχεπευκὲς
2086 2965 2151 3017 A.
2188 2973 2254 3003 —-'
2294 2932 2465 3034 8ῗῆ
2496 2967 2557 3021 δὲ
2581 2966 2640 3022 C.

342 3060 405 3106 -·-
453 3073 554 3120 131
595 3066 759 3135 ἐέργῃ
797 3066 907 3120 ΑΜ
942 3066 1157 3125 Town1.
1196 3067 1380 3124 eram.
1414 3066 1598 3137 Epim.
1637 3072 1751 3134 169,
1790 3033 2094 3135 OE‘eep-se·
2132 3065 2548 3121 CDEGHLNO.
2576 3098 2640 3108 -

347 3157 446 3205 132
483 3151 643 3204 αῦθέ
679 3151 751 3205 αὖ
787 3151 966 3205 Draco
1002 3151 1073 3205 de
1109 3150 1273 3205 Metr.
1309 3157 1390 3219 52,
1426 3158 1476 3206 5.
1521 3183 1588 3192 -
1637 3158 1735 3206 133
1771 3137 2008 3218 ςῧνέχον
2043 3151 2093 3204 G
2129 3151 2268 3242 (sic).
2303 3152 2535 3207 δίπλοος
2572 3153 2639 3204 Α.

343 3221 542 3286 θώραξ
582 3215 650 3272 G.
685 3247 751 3258 —-
790 3225 885 3274 136
922 3221 992 3286 ἀρ
1029 3220 1093 3275 A.
1118 3250 1182 3260 —
1213 3227 1310 3275 136
1345 3221 1434 3287 ἐρ’
1483 3237 1602 3287 ιςτο
1638 3219 1706 3273 D.
1731 3250 1796 3259 —-
1826 3226 1918 3273 137
1957 3220 2154 3288 μίτρης
2189 3223 2241 3273 δ-
2273 3218 2348 3273 Μ.
2386 3220 2552 3288 μίτρη
2588 3223 2642 3275 θ’

343 3286 384 3339 1.
421 3289 562 3356 post
597 3301 705 3338 ras.
739 3316 808 3326 —
833 3291 929 3341 138
965 3288 1054 3341 διὰ
1091 3305 1131 3340 π
1171 3289 1203 3341 ὁ
1240 3287 1431 3342 ACDE
1527 3287 1710 3341 Schol.
1751 3288 1794 3340 Ν
1827 3292 1938 3354 191,
1978 3291 2027 3342 Υ
2049 3294 2175 3343 269:
2212 3288 2384 3358 vulgo
2420 3290 2642 3357 διαπρὸ.

340 3358 476 3409 διαπ
593 3355 655 3407 δε
693 3353 753 3408 L.
787 3356 875 3410 διὰ
910 3372 1022 3422 προ
1054 3356 1106 3408 δ’
1197 3401 1209 3411 .
1246 3357 1308 3409 δὲ
1344 3358 1534 3411 εῐςατο
1568 3355 1701 3409 libri
1736 3371 1931 3409 omnes
1967 3361 2204 3425 excepto
2241 3354 2307 3409 N.
2340 3387 2399 3395 —
2437 3363 2534 3412 139
2569 3359 2640 3425 ἂρ

339 3421 442 3476 DG
578 3464 590 3475 .
625 3423 697 3489 ἀρ
731 3423 798 3475 A.
825 3453 888 3461 —
919 3428 1010 3476 141
1047 3425 1101 3476 τ’
1134 3422 1318 3478 omitt.
1344 3423 1453 3476 LO.
1492 3427 1661 3493 μιῄνη
1686 3423 1796 3477 Ol).
1835 3425 2015 3490 μιὴνει
2040 3424 2227 3492 Apoll.
2256 3422 2386 3478 Lex.
2415 3430 2530 3491 164,
2556 3432 2638 3482 30.

339 3521 402 3529 -
446 3497 553 3544 142
595 3491 687 3557 ἠὲε
723 3491 822 3557 ἠδὲ
858 3489 912 3545 S.
945 3491 1172 3545 ἵππωνι
1208 3492 1392 3546 ἵππου
1429 3491 1581 3548 Eust.
1619 3496 1770 3556 1051,
1807 3497 1891 3545 61.
1927 3508 2014 3559 γρ.
2051 3492 2214 3546 ἵππω
2250 3491 2314 3545 Ο.
2340 3523 2405 3531 -
2446 3498 2542 3547 143
2576 3495 2640 3547 δέ

337 3575 433 3624 μιν
469 3557 544 3612 Η.
589 3587 656 3597 -
696 3565 793 3611 145
825 3558 1016 3629 ἴππῳε
1057 3559 1259 3614 ἵππων
1295 3559 1394 3612 Do
1442 3558 1629 3627 Apoll.
1664 3556 1796 3614 Lex.
1832 3563 1882 3626 6,
1920 3565 2003 3613 31.
2044 3561 2274 3627 ἐλατῆρι
2309 3561 2373 3613 τὲ
2409 3559 2528 3614 ΟΜ.
2576 3563 2639 3615 δὲ

337 3625 384 3679 Ο
421 3625 598 3681 Vrat.
633 3626 688 3678 b.
723 3624 812 3680 Et.
845 3625 960 3696 Mg.
996 3631 1114 3693 532,
1153 3633 1232 3682 16.

473 3799 547 3850 A.
593 3813 641 3848 c.
698 3801 795 3849 126
828 3797 1151 3851 ἑπιπτέςθαι
1176 3792 1545 3850 Herodia'nus.
1571 3826 1639 3836 --
1668 3802 1765 3851 129
1788 3799 1839 3864 ff
1862 3813 1976 3851 rot:
2011 3798 2167 3852 οὕτω
2205 3799 2347 3863 μετὰ
2380 3802 2485 3852 τοῦ
2519 3803 2565 3852 ’τ
2601 3802 2636 3866 ἦ

331 3882 423 3919 τοι
469 3863 838 3932 Didymus.
891 3866 1163 3932 πρόςθεν,
1212 3863 1355 3918 conf.
1400 3863 1471 3916 H.
1517 3863 1587 3918 U.
1629 3871 1714 3918 44.
1772 3895 1831 3903 —-
1895 3870 1988 3918 137
2036 3865 2391 3918 Aristarchus
2436 3868 2637 3933 ἔρυμαε

332 3933 520 3999 ἔλυμα
577 3931 986 4001 Aristophanes
1038 3949 1166 3985 cum
1218 3931 1531 3998 Zenodoto,
1585 3931 1728 3985 conf.
1774 3932 1957 3986 Cram.
2002 3933 2106 3989 An.
2155 3932 2280 3990 Par,
2327 3931 2433 3998 ΙΙΙ,
2480 3940 2539 3999 9,
2576 3939 2634 3997 6;

331 4007 452 4068 282,
492 4009 549 4058 5.
590 4029 662 4039 -
702 4006 799 4055 138
833 4001 1003 4068 ἔρυτο
1038 3999 1410 4054 Aristarchus.
1451 4028 1520 4040 -
1566 4006 1664 4054 139
1708 4001 1799 4068 ἄρ’
1833 4001 2044 4054 oneror:
2082 4001 2190 4066 ἄρα
2225 4002 2433 4066 χαλκὸς
2467 3999 2640 4054 Zeno-

331 4071 524 4124 dotus.
564 4069 859 4136 ἑπέργαψε
893 4069 1069 4136 χωρὶς
1103 4072 1209 4123 τοθ
1245 4073 1296 4121 V
1332 4067 1702 4121 Aristarchus.
1738 4097 1803 4107 —-
1842 4073 1939 4121 140
1982 4069 2268 4121 ἀθετεῖται
2302 4068 2636 4121 Aristoni—

329 4155 476 4204 cus,
516 4134 674 4191 cons.
713 4135 903 4204 Apoll.
938 4133 1069 4194 Lex.
1111 4141 1222 4201 171,
1260 4137 1342 4190 27.
1388 4164 1454 4175 -
1502 4141 1595 4188 141
1635 4136 1922 4202 ἐλέφαντα
1958 4133 2340 4187 Aristarchus:
2388 4135 2485 4189 alii
2519 4138 2634 4191 ἐλε-

328 4207 550 4274 φαντά.
582 4240 651 4249 -
679 4209 778 4258 142
813 4204 902 4268 διὰ
935 4209 1040 4258 τοῦ
1073 4205 1097 4257 ῖ
1129 4204 1279 4259 τινὲς
1311 4205 1383 4257 τὸ
1423 4204 1597 4271 Κάῑρα
1629 4206 1939 4270 γράφουςιν
1974 4202 2128 4255 Eust.
2152 4208 2271 4268 466,
2304 4208 2379 4256 12.
2412 4204 2639 4259 ἴππωνε

326 4277 502 4340 διχῶς
541 4274 642 4327 καὶ
677 4272 846 4326 ἵππω
891 4270 1012 4339 (sic)
1046 4274 1254 4326 δυῑκῶς
1302 4274 1392 4326 καὶ
1438 4274 1852 4338 πληθυντικῶς.
1908 4271 1971 4324 ἑν
2005 4272 2067 4325 δὲ
2220 4272 2361 4324 κατὰ
2399 4273 2638 4339 Ἀριςτο-

327 4345 492 4465 gfff
531 4341 735 4407 μόνως
770 4340 999 4407 δυῑκῶς,
1034 4339 1179 4393 conf.
1214 4338 1471 4393 Grashof.
1506 4338 1641 4405 „das
1675 4337 1982 4394 Fubrwcrk
2018 4338 2112 4391 bei
2203 4343 2397 4392 omer“
2432 4357 2526 4410 pg.
2551 4347 2634 4396 39.

494 4452 508 4465 .
555 4414 675 4463 144.

2168 4514 2237 4568 7*
