3144 5006
456 363 581 428 216
1367 354 1695 418 ΙΛΙΑΔΟ(
1744 363 1809 416 Θ.

629 518 731 583 καὶ
773 518 918 583 τότε
965 519 1042 598 δὴ
1089 517 1345 598 χρύςεια
1389 519 1597 595 πατὴρ
1643 515 1913 580 ἐτίταινε
1956 515 2268 582 τάλαντα·

508 626 589 683 70
632 620 703 686 ἐν
750 621 806 684 δ’
850 619 1038 685 ἐτίθει
1082 619 1203 685 δύο
1247 623 1397 698 κῆρε
1441 616 1829 697 τανηλεγέος
1872 616 2183 683 θανάτοιο

628 722 877 802 Τρώων
922 723 979 787 θ’
1022 708 1408 798 ἱπποδάμων
1453 720 1555 784 καὶ
1600 719 1871 797 Ἀχαιῶν
1917 720 2440 804 χαλκοχιτώνων,

629 823 773 889 ἕλκε
817 825 890 889 δὲ
932 823 1120 903 μέςςα
1165 822 1410 904 λαβών,
1457 821 1615 901 ῥέπε
1658 821 1716 885 δ’
1759 818 2009 898 αἴςιμον
2053 819 2219 901 ἦμαρ
2264 822 2553 902 Ἀχαιῶν.

631 925 697 990 αἱ
739 927 855 1005 μὲν
900 925 1172 1004 Ἀχαιῶν
1218 926 1405 1003 κῆρες
1449 922 1556 987 ἐπὶ
1600 923 1785 1002 χθονὶ
1827 923 2298 1008 πουλυβοτείρῃ

629 1026 913 1107 ἑζέςθην,
959 1027 1205 1104 Τρώων
1249 1026 1321 1090 δὲ
1365 1023 1531 1105 πρὸς
1577 1023 1864 1103 οὐρανὸν
1910 1023 2106 1104 εὐρὺν
2151 1023 2398 1105 ἄερθεν.

505 1133 583 1193 75
628 1128 824 1194 αὐτὸς
867 1128 925 1193 δ’
969 1127 1034 1204 ἐξ
1077 1128 1242 1206 Ἴδης
1286 1125 1509 1204 μεγάλ’
1550 1123 1814 1209 ἔκτυπε,
1860 1125 2204 1206 δαιόμενον
2249 1128 2320 1191 δὲ

630 1230 741 1308 ἧκε
788 1229 973 1294 ςέλας
1019 1231 1178 1310 μετὰ
1222 1228 1384 1294 λαὸν
1429 1228 1738 1307 Ἀχαιῶν·
1782 1227 1848 1292 οἳ
1892 1227 1964 1292 δὲ
2009 1226 2258 1293 ἰδόντες

629 1329 987 1414 θάμβηςαν,
1032 1332 1135 1396 καὶ
1177 1330 1425 1396 πάντας
1469 1330 1601 1395 ὑπὸ
1647 1330 1909 1410 χλωρὸν
1955 1329 2106 1394 δέος
2150 1328 2338 1396 εἷλεν.

798 1432 929 1499 ἔνθ’
974 1433 1109 1498 οὔτ’
1153 1431 1504 1512 Ἰδομενεὺς
1547 1434 1664 1510 τλῆ
1710 1432 1955 1512 μίμνειν
2003 1431 2139 1498 οὔτ’
2162 1431 2617 1517 “Ἀγαμε’μνων,

633 1534 783 1600 οὔτε
829 1533 927 1599 δύ’
970 1533 1234 1600 Αἴαντες
1277 1534 1579 1617 μενέτην,
1625 1532 2017 1613 θεράποντες
2060 1533 2320 1613 Ἄρηος·

505 1643 589 1701 80
635 1635 893 1714 Νέςτωρ
938 1635 1081 1701 οἶος
1126 1635 1344 1717 ἔμιμνε
1390 1635 1720 1717 Γερήνιος,
1767 1633 1963 1714 οὖρος
2010 1635 2302 1717 Ἀχαιῶν,

631 1737 710 1803 οὔ
753 1759 814 1802 τι
862 1737 1061 1821 ἑκών,
1105 1737 1248 1802 ἀλλ’
1287 1737 1491 1802 ἵππος
1535 1734 1847 1819 ἐτείρετο,
1890 1736 2009 1801 τὸν
2056 1737 2250 1817 βάλεν
2298 1738 2372 1820 ἰῷ

632 1842 771 1905 δῖος
817 1838 1271 1923 Ἀλέξανδρος,
1315 1838 1572 1918 Ἑλένης
1617 1839 1796 1931 πρςις
1840 1837 2170 1919 ἠυκόμοιο,

632 1942 832 2021 ἄκρην
879 1942 996 2006 κὰκ
1040 1941 1363 2020 κορυφήν,
1412 1939 1512 2004 ὅθι
1556 1962 1627 2006 τε
1674 1944 1923 2019 πρῶται
1966 1939 2173 2019 τρίχες
2213 1940 2435 2006 ἵππων

640 2044 880 2127 κρανίῳ
926 2042 1315 2124 ἐμπεφύαςι,
1362 2041 1625 2123 μάλιςτα
1670 2042 1742 2106 δὲ
1787 2040 2031 2119 καίριόν
2074 2042 2257 2107 ἐςτιν.

507 2152 587 2208 85
634 2145 912 2225 ἀλγήςας
956 2144 1013 2209 δ’
1057 2142 1418 2219 ἀνέπαλτο,
1467 2142 1656 2223 βέλος
1700 2142 1756 2207 δ’
1801 2141 1891 2205 εἰς
1935 2141 2299 2222 ἐγκέφαλον
2344 2148 2443 2227 δῦ,

633 2248 745 2312 ςὺν
789 2247 846 2310 δ’
884 2246 1128 2310 ἵππους
1173 2238 1435 2323 ἐτάραξε
1479 2240 1938 2323 κυλινδόμενος
1980 2243 2125 2322 περὶ
2170 2248 2402 2329 χαλκῶ.

633 2346 787 2428 ὄφρ’
832 2346 870 2410 ὁ
914 2345 1127 2426 γέρων
1166 2345 1398 2409 ἵπποιο
1445 2343 1800 2423 παρηορίας
1843 2343 2165 2428 ἀπέταμνε

632 2448 947 2531 φαςγάνῳ
991 2446 1257 2531 ἀίςςων,
1300 2445 1492 2528 τόφρ’
1535 2446 1846 2525 Ἕκτορος
1891 2445 2086 2513 ὠκέες
2126 2446 2316 2514 ἵπποι

521 2614 526 2618 .
632 2550 834 2630 ἦλθον
879 2549 982 2616 ἀν’
1026 2549 1269 2631 ἰωχμὸν
1314 2549 1553 2628 θραςύν
1598 2548 1867 2629 ἡνίοχον
1912 2550 2302 2634 φορέοντες,

508 2659 591 2712 90
634 2653 922 2733 Ἕκτορα.
979 2651 1081 2717 καί
1124 2652 1202 2717 νύ
1249 2672 1358 2718 κεν
1402 2651 1536 2717 ἔνθ’
1581 2651 1619 2715 ὁ
1663 2650 1877 2732 γέρων
1922 2651 2054 2717 ἀπὸ
2099 2652 2303 2734 θυμὸν
2346 2653 2623 2736 ὄλεςςεν,

634 2753 690 2819 εἰ
734 2755 815 2835 μὴ
860 2753 962 2835 ἄρ’
1006 2753 1119 2820 ὀξὺ
1166 2753 1355 2834 νόηςε
1403 2755 1560 2835 βοὴν
1605 2752 1849 2828 ἀγαθὸς
1891 2754 2251 2834 Διομήδης·

602 2989 672 3047 V.
713 3010 762 3046 τ..
818 2997 885 3045 69
920 2993 1013 3045 καὶ
1047 2991 1182 3044 τότε
1219 2991 1313 3055 δὴε
1348 2989 1522 3043 αὐτὸς
1556 2989 1620 3043 δὲ
1655 2988 1857 3043 Euseb.
1881 2987 2081 3058 Praep.
2118 2989 2334 3060 Evang.
2368 2990 2519 3058 XIII,
2559 2998 2635 3056 13,
2670 2999 2751 3049 50.

469 3089 529 3097 -
568 3064 635 3113 70
671 3060 735 3114 ἐν
781 3061 842 3114 δὲ
887 3060 1029 3114 τίθει
1065 3059 1130 3111 A.
1175 3059 1294 3112 ἐνθ’
1341 3057 1511 3111 ἐτίθει
1545 3055 1607 3110 L.
1656 3058 1998 3154 τανηλεγέος
2034 3057 2099 3112 Α.
2136 3088 2198 3095 -
2238 3064 2299 3113 71
2344 3062 2554 3129 τρῲων
2590 3060 2649 3113 L.
2688 3090 2753 3100 -—-
2801 3126 2807 3130 ,

469 3166 532 3214 72
571 3161 707 3227 μέςα
726 3161 792 3217 G.
830 3189 896 3199 —-
934 3164 998 3213 73
1023 3159 1453 3227 πουλυβοτείρηι
1477 3160 1543 3217 A.
1581 3158 1957 3227 πολυβοτείρη
1984 3158 2050 3212 D.
2092 3190 2151 3199 —
2181 3165 2246 3215 74
2281 3163 2490 3229 τρῲων
2514 3160 2571 3213 L.
2597 3192 2662 3201 —
2688 3167 2754 3216 76

467 3260 521 3315 οἳ
545 3262 607 3315 δέ
632 3259 743 3314 CD.
770 3289 828 3298 —
856 3265 921 3315 77
946 3261 1059 3314 ὑπο
1077 3229 1293 3314 Αῶᾞ.
1321 3258 1498 3314 εἷλενε
1527 3262 1649 3328 ᾔρει
1673 3258 1731 3313 L.
1767 3259 1828 3313 ἐν
1854 3262 2011 3328 ἄλλῳ
2039 3260 2160 3315 δέος
2186 3263 2325 3329 ἥιρει
2350 3261 2415 3316 A.
2440 3292 2505 3301 —
2532 3268 2596 3317 79
2620 3264 2754 3318 οὐδὲ

468 3329 557 3381 δύ’
580 3326 648 3381 D.
684 3328 808 3381 οὔτ’
843 3328 1040 3382 αῖαντε
1076 3329 1194 3381 δύω
1233 3326 1290 3383 C.
1329 3329 1453 3381 οὐδ’
1486 3328 1684 3382 αῖαντε
1722 3329 1966 3396 μενέτην
1991 3327 2129 3382 Mor.
2166 3329 2360 3385 αἷαντε
2394 3329 2549 3384 Vrat.
2585 3332 2652 3384 A.
2689 3362 2755 3370 —

469 3401 536 3450 80
558 3397 610 3449 δ’
644 3397 767 3450 οἷος
793 3393 942 3453 GLS.
970 3395 1137 3460 „ant-e
1164 3396 1287 3451 οἶος
1322 3394 1483 3449 deest
1504 3396 1554 3448 δ’
1596 3395 1653 3448 in
1680 3395 1851 3450 Mose.
1882 3402 1927 3449 1.
1961 3395 2110 3449 binis
2134 3394 2654 3467 Vindob.“'Heyne.
2689 3429 2755 3439 —

469 3469 534 3517 83
582 3465 946 3530 κακκορυφὴν
991 3461 1244 3516 CDEGL.
1300 3464 1556 3530 κάκκοφυ
1608 3466 1681 3529 ἡν
1716 3462 1784 3517 Η.
1834 3465 1925 3518 ὅθί
1968 3481 2033 3519 τε
2079 3463 2147 3518 Η.
2188 3466 2284 3519 ἵνα
2326 3481 2391 3519 τε
2425 3465 2755 3520 Aristoteles

471 3533 600 3598 περὶ
635 3532 803 3586 ζώων
847 3532 1118 3596 γενέςεως
1152 3529 1221 3596 V,
1259 3536 1307 3585 ὅ.
1352 3547 1418 3585 τε
1453 3531 1570 3585 omi
1628 3577 1637 3586 .
1679 3530 1719 3585 C
1760 3537 1805 3584 1.
1850 3547 2001 3586 man.
2047 3533 2161 3586 ἑςτι
2195 3531 2263 3586 D.
2299 3563 2361 3572 —
2407 3539 2473 3587 86
2509 3536 2661 3589 ςυνδ’
2695 3533 2753 3588 C.

471 3600 699 3720 ueptcA.
736 3602 902 3719 -Ε87
939 3599 1258 3667 παρηορὲας
1274 3597 1347 3720 {iat
1385 3605 1714 3720 τὲαςὲηορῆας
1740 3598 1805 3653 G.
1842 3598 2597 3722 παρῃορίαςΑὲιὲῗὲΟΟᾲως
2634 3607 2752 3664 702,

470 3672 552 3793 323
591 3672 1131 3801 ᾱξῖῗῖμνῗῖωόἶὲιῗ.
1158 3672 1362 3804 ²13²:me
1394 3668 2191 3800 4361252321’dfftg’e‘rssffffaffffiefls
2237 3668 2751 3804 Canathifiss‘fl'ffiassff

474 3802 630 3857 Vrat.
667 3802 719 3860 b.
758 3820 805 3859 c.
841 3804 906 3856 A.
951 3801 1119 3857 Mose.
1167 3809 1215 3857 3.
1265 3802 1446 3858 Cram.
1495 3803 1538 3855 Ε
1583 3802 1678 3856 im.
1719 3808 1832 3868 177,
1869 3808 1917 3857 8.
1965 3803 2283 3868 ἀπέτεμνεν
2327 3801 2509 3857 Schol.
2543 3805 2602 3860 Π
2635 3810 2752 3861 474.

472 3901 534 3911 -
572 3876 639 3926 89
682 3873 957 3939 φέροντες
994 3869 1060 3926 G.
1107 3900 1172 3910 -
1214 3877 1282 3926 90
1317 3872 1431 3926 ἀπο
1466 3870 1515 3925 D
1572 3911 1587 3925 .
1633 3901 1697 3912 -
1742 3877 1804 3926 91
1848 3872 1921 3938 ἂρ
1955 3868 2118 3924 DGL.
2162 3871 2234 3938 ἀρ
2270 3871 2335 3923 A.

606 4091 670 4149 A.
708 4109 754 4145 c.
814 4098 896 4158 73,
936 4097 999 4147 74
1034 4092 1369 4147 ἀθετοῦνται
1404 4089 1854 4146 Aristonicus.
1894 4120 1956 4129 —
1995 4096 2062 4145 74
2096 4091 2350 4162 ἑζέςθηνε
2389 4092 2453 4146 ἐν
2476 4094 2646 4150 ἐνίοις
2670 4098 2758 4151 διὰ

472 4164 577 4214 τοῦ
615 4165 664 4212 ἴ
697 4161 919 4216 ἕζεςθεν
962 4158 1146 4217 Schol.
1181 4157 1245 4215 R.
1300 4162 1370 4214 τὸ
1413 4162 1475 4214 δὲ
1524 4160 1750 4227 ἑζέςθην
1794 4159 1921 4213 ἀντὶ
1965 4164 2069 4213 τοῦ
2119 4161 2365 4224 ἕζεςθεν,
2411 4162 2490 4216 ὡς
2535 4164 2753 4231 ἄερθεν.

473 4228 669 4293 ὅμοιον
713 4229 774 4281 δέ
818 4229 930 4283 ἑςτι
973 4233 1057 4295 τῷ
1106 4268 1137 4294 „
1156 4228 1396 4297 μιάνθην
1441 4228 1633 4293 αἵματι
1677 4227 1889 4295 μηροίι*
1929 4229 2002 4292 (Δ
2044 4231 2159 4294 146)
2208 4226 2391 4284 Schol.
2429 4229 2537 4284 BL.
2584 4261 2650 4272 —
2691 4240 2754 4288 81

474 4293 749 4363 ἑτείρετοε
788 4295 852 4349 ἐν
885 4312 990 4351 τιςι
1025 4299 1147 4351 τῶν
1182 4297 1608 4365 ὑπομνημάτων
1643 4296 1921 4362 ἑδάμνατο
1955 4294 2304 4366 Didymus.
