3144 5006
303 430 308 437 ·
421 396 542 461 152
807 340 839 469 Ι.
1067 438 1072 443 ·
1342 395 1672 451 ΙΛΙΑΔΟ(
1719 395 1773 451 Ε.

590 553 665 632 βῆ
712 551 784 614 δὲ
828 552 936 615 διὰ
977 550 1338 631 προμάχων
1383 547 1845 628 κεκορυθμένος
1888 546 2111 613 αἴθοπι
2155 551 2399 631 χαλκῷ,

588 655 774 732 δεῖμα
817 653 1041 733 φέρων
1086 652 1429 718 Δαναοῖςι·
1485 649 1648 729 χάρη
1695 649 1752 714 δ’
1795 647 1922 729 ἄρα
1964 649 2029 715 οἱ
2072 650 2401 729 προςιόντι

591 752 981 836 (αρπηδων,
1025 752 1190 820 Διὸς
1234 752 1400 834 υἱός,
1443 751 1605 817 ἔπος
1651 753 1707 816 δ’
1751 751 2131 833 ὀλοφυδνὸν
2174 750 2378 816 ἔειπε·

755 856 1103 936 Πριαμίδη,
1148 855 1229 935 μὴ
1274 855 1351 932 δή
1396 874 1471 934 με
1517 852 1690 931 ἕλωρ
1732 853 2089 919 Δαναοῖςιν
2136 852 2322 936 ἐάςῃς

422 963 543 1019 685
592 961 864 1041 κεῖςθαι,
910 955 1051 1022 ἀλλ’
1095 956 1445 1037 ἐπάμυνον.
1513 953 1737 1019 ἔπειτά
1778 974 1854 1033 με
1898 955 2000 1020 καὶ
2045 954 2219 1019 λίποι
2264 953 2427 1019 αἰὼν

590 1040 661 1124 ἐν
705 1057 891 1124 πόλει
934 1057 1233 1141 ὑμετέρῃ,
1282 1058 1418 1123 ἐπεὶ
1463 1057 1584 1123 οὐκ
1627 1055 1731 1135 ἄρ’
1772 1056 2047 1136 ἔμελλον
2093 1056 2223 1132 ἐγώ
2267 1075 2343 1132 γε

589 1160 897 1238 νοςτήςας
942 1157 1126 1225 οἷκον
1174 1162 1246 1225 δὲ
1290 1160 1487 1241 φίλην
1531 1159 1600 1225 ἐς
1644 1158 1918 1238 πατρίδα
1961 1160 2149 1235 γαῖαν

591 1261 978 1341 εὐφρανέειν
1023 1259 1271 1340 ἄλοχόν
1313 1282 1382 1327 τε
1427 1262 1624 1342 φίλην
1669 1261 1774 1326 καὶ
1799 1261 2050 1339 ’νήπιον
2094 1259 2257 1326 υἱόν.

759 1363 849 1428 ὣς
893 1363 1096 1444 φάτο,
1142 1363 1258 1428 τὸν
1303 1364 1361 1428 δ’
1405 1363 1485 1428 οὔ
1530 1384 1588 1427 τι
1632 1361 1926 1442 προςέφη
1970 1361 2391 1441 κορυθαίολος
2435 1363 2708 1445 Ἕκτωρ,

425 1470 549 1528 690
592 1463 761 1529 ἀλλὰ
804 1465 1109 1543 παρήιξεν
1154 1465 1525 1544 λελιημένος
1569 1462 1751 1543 ὄφρα
1792 1464 2048 1541 τάχιςτα

592 1566 803 1631 ὤςαιτ’
845 1566 1194 1645 Ἀργείους,
1241 1566 1503 1632 πολέων
1547 1566 1607 1631 δ’
1650 1565 1783 1630 ἀπὸ
1827 1566 2028 1643 θυμὸν
2072 1565 2309 1630 ἕλοιτο.

595 1667 660 1732 οἳ
705 1667 820 1747 μὲν
864 1666 964 1745 ἀρ’
1010 1666 1305 1734 ἀντίθεον
1353 1667 1735 1748 (αρπηδόνα
1780 1669 1906 1732 δῖοι
1951 1666 2192 1746 ἑταῖροι

594 1766 768 1834 εῐςαν
813 1769 921 1834 ὑπ’
965 1768 1280 1849 αἰγιόχοιο
1324 1768 1487 1835 Διὸς
1531 1768 1895 1848 περικαλλέι
1939 1773 2163 1850 φηγῷ·

594 1870 666 1935 ἐκ
708 1871 763 1935 δ’
809 1870 934 1950 ἄρα
979 1870 1042 1934 οἱ
1084 1877 1287 1951 μηροῦ
1332 1871 1491 1950 δόρυ
1536 1871 1820 1951 μείλινον
1865 1871 1990 1934 ῶςε
2032 1869 2263 1948 θύραζε

428 1978 550 2036 695
594 1971 855 2052 ἴφθιμος
896 1972 1251 2057 Πελάγων,
1296 1973 1371 2039 ὅς
1416 1972 1477 2038 οἱ
1522 1972 1718 2053 φίλος
1762 1973 1876 2051 ἦεν
1921 1971 2192 2059 ἑταῖρος.

595 2076 712 2140 τὸν
755 2075 812 2138 δ’
857 2073 1035 2139 ἔλιπε
1082 2074 1286 2154 ψυχή,
1333 2074 1490 2138 κατὰ
1535 2074 1594 2138 δ’
1637 2071 1994 2152 ὀφθαλμῶν
2040 2074 2246 2151 κέχυτ’
2289 2074 2514 2153 ἀχλύς·

598 2174 774 2240 αὖτις
819 2174 877 2240 δ’
920 2173 1275 2254 ἐμπνύνθη,
1321 2175 1469 2254 περὶ
1513 2176 1585 2239 δὲ
1628 2175 1825 2253 πνοιὴ
1871 2173 2108 2256 βορέαο

597 2276 825 2354 Ζώγρει
869 2274 1280 2342 ἐπιπνείουςα
1323 2279 1534 2341 κακῶς
1579 2276 1950 2356 κεκαφηότα
1991 2275 2212 2357 θυμόν.

767 2377 1040 2458 Ἀργεῖοι
1088 2376 1145 2441 δ’
1188 2377 1297 2444 ὑπ’
1339 2378 1519 2459 Ἄρηι
1564 2378 1668 2442 καὶ
1710 2377 1962 2457 Ἕκτορι
2006 2381 2480 2460 χαλκοκορυςτῇ

432 2487 555 2544 700
598 2478 748 2545 οὔτέ
792 2499 953 2545 ποτε
996 2480 1447 2559 προτρέποντο
1491 2479 1857 2559 μελαινάων
1903 2480 2008 2545 ἐπὶ
2048 2483 2227 2560 νηῶν

603 2580 757 2646 οὔτέ
802 2582 957 2646 ποτ’
1001 2581 1444 2662 ἀντεφέροντο
1488 2583 1689 2667 μάχῃ,
1735 2581 1879 2647 ἀλλ’
1923 2581 2059 2647 αἰέν
2104 2582 2343 2646 ὀπίςςω

600 2682 876 2760 χάζονθ’,
923 2682 1013 2747 ὡς
1057 2683 1379 2750 ἐπύθοντο
1424 2686 1582 2763 μετὰ
1625 2683 1938 2763 Τρώεςςιν
1981 2685 2198 2762 Ἄρηα.

770 2783 927 2850 ἔνθα
969 2785 1110 2850 τίνα
1150 2791 1451 2868 πρῶτον,
1493 2786 1638 2851 τίνα
1682 2785 1738 2850 δ’
1782 2785 2052 2851 ὕςτατον
2098 2784 2460 2863 ἐξενάριξαν

566 2985 633 3041 V.
672 3007 722 3042 ι..
781 2991 882 3042 683
915 2988 1070 3042 έειπε
1094 2985 1470 3042 ACGHMNO.
1513 3017 1569 3026 -
1609 2992 1709 3043 684
1746 2989 1818 3054 μὴ
1844 2988 1906 3042 δέ
1931 2985 2047 3040 ΝΟ.
2081 2988 2232 3055 ἕλωρ
2256 2984 2323 3044 D.
2360 3016 2427 3025 —
2462 2990 2563 3042 686
2584 2989 2719 3052 ὴμε-

432 3056 566 3123 τέρῃ
609 3053 730 3110 ΕΜ.
777 3056 907 3108 οὐκε
957 3055 1079 3109 οὐδ’
1121 3054 1158 3108 S
1204 3054 1362 3110 Cant.
1414 3056 1484 3122 ἂρ
1530 3052 1810 3110 DGMNO.
1865 3056 1935 3121 ἁρ
1982 3056 2045 3107 A.
2096 3085 2157 3092 —
2203 3058 2301 3109 687
2347 3055 2509 3108 οἶκον
2555 3056 2617 3109 δὲ
2653 3056 2719 3108 A.

433 3123 656 3177 οῖκονδε
684 3120 1055 3176 CDHLMNO.
1102 3123 1323 3179 οῐκονδε
1350 3120 1414 3175 G.
1451 3123 1678 3177 οἶκόνδε
1701 3122 1761 3175 Ε.
1802 3152 1867 3161 -
1905 3127 2003 3176 689
2039 3122 2118 3176 ῶς
2148 3122 2211 3176 A.
2246 3152 2310 3161 —
2347 3129 2449 3176 690
2484 3123 2719 3189 παρήῖξε

435 3188 750 3244 EGLMNO.
775 3224 842 3234 —
866 3196 961 3243 691
999 3191 1113 3245 ἀπο
1140 3188 1242 3245 OL.
1271 3220 1330 3230 —
1358 3196 1456 3245 692
1481 3190 1535 3244 οἳ
1558 3192 1659 3257 μὲν
1685 3189 1741 3244 C.
1781 3191 1851 3257 ἂρ
1875 3188 2202 3245 DGLMNO.
2236 3190 2307 3256 ἀρ
2334 3189 2397 3246 Α.
2435 3219 2500 3228 —
2534 3194 2634 3243 696
2659 3191 2720 3244 δὲ

434 3257 564 3311 λίπε
598 3256 756 3313 Vrat.
779 3257 833 3309 b.
868 3288 932 3296 —
970 3263 1068 3312 697
1106 3258 1262 3313 αὖθις
1289 3256 1377 3313 GE
1403 3257 1586 3312 Schol.
1613 3258 1655 3310 Χ
1682 3263 1795 3312 475.
1832 3255 2197 3326 Pseudopluiz.
2228 3262 2338 3323 115,
2369 3263 2458 3322 18ς
2502 3262 2613 3324 160,
2639 3263 2718 3315 12.

435 3375 728 3441 ἐμπνύνθη
767 3372 950 3428 Schol.
989 3376 1028 3428 Χ
1068 3380 1193 3430 475:
1230 3374 1362 3429 libri
1397 3377 1716 3444 ἀμπνύνθη.
1765 3338 2029 3442 άμπνιῖθη
2068 3374 2132 3427 A.
2169 3376 2205 3429 ἁ
2247 3375 2467 3442 πνύςθη
2503 3372 2719 3429 Townl.

434 3461 518 3510 γρ.
555 3443 857 3508 ἀμπνύνθη
883 3443 947 3495 A.
971 3445 1113 3511 ’περὶ
1148 3446 1200 3497 δ’
1224 3444 1252 3498 ἓ
1275 3442 1325 3496 G
1348 3443 1487 3497 Mor.
1528 3447 1678 3510 πνοὴ
1705 3442 1756 3497 N
1779 3442 1926 3512 Lips.
1965 3447 2134 3508 πνοιῆ
2220 3483 2233 3496 .
2271 3472 2335 3482 -
2370 3447 2470 3497 698
2493 3444 2718 3510 ζώγρει;

434 3513 565 3567 ζώει
610 3508 669 3564 Ιι.
725 3515 1072 3578 κεκαφηῶτα
1119 3509 1181 3564 Ο.
1237 3541 1302 3551 -
1355 3517 1455 3565 700
1496 3512 1632 3565 οὔτέ
1680 3528 1821 3566 ποτε
1864 3509 2231 3566 ACGLMNO.
2284 3511 2422 3565 οὐτέ
2467 3526 2611 3564 ποτε
2651 3509 2722 3564 D.

435 3579 709 3640 οὐδέποτε
756 3576 825 3629 Η.
870 3578 990 3633 kal:
1038 3579 1155 3633 ἀπὸ
1197 3578 1457 3633 Ammon.
1507 3578 1578 3632 de
1624 3577 1755 3631 Diff.
1799 3596 1842 3632 s.
1890 3596 1939 3632 v.
1987 3579 2118 3632 ἀπό.
2172 3579 2221 3616 ὲ
2281 3583 2375 3633 701
2414 3578 2548 3632 οὔτέ
2592 3580 2725 3631 ποτ’

437 3643 751 3701 CGLMNO.
790 3646 923 3700 ούτέ
963 3649 1094 3700 ποτ’
1128 3644 1246 3700 ΑΙ).
1285 3647 1550 3701 οὐδέποτ’
1574 3645 1647 3698 Η.
1682 3647 1807 3700 ἄντ’
1841 3648 2119 3714 ἐφέροντο
2154 3647 2219 3699 A.
2255 3647 2632 3713 ἁντιφέροντο
2657 3645 2724 3700 G.

438 3717 611 3783 μάχῃε
652 3716 760 3780 μάχ
803 3731 834 3764 ν
871 3713 929 3767 L.
977 3716 1157 3768 ὀπίςω
1193 3713 1256 3767 Ε.
1304 3744 1362 3753 --
1408 3719 1505 3768 702
1543 3730 1686 3780 μετα
1721 3715 1784 3770 A.
1833 3718 2101 3782 τρῴεςςιν
2138 3712 2247 3768 GL.
2294 3742 2363 3753 -
2407 3719 2505 3768 703
2540 3714 2723 3768 ἐξενά·

437 3731 838 3904 ςιιιξανιῇῡίῖἒιὲ
866 3781 1003 3902 hlfor.
1040 3781 1266 3836 Barocc.
1303 3781 1457 3835 Harl.
1482 3780 1655 3851 Lips.=
1694 3782 2005 3849 ἐξενάριξεν
2042 3779 2377 3836 DEHLNOS
2416 3781 2594 3836 Cram.
2620 3783 2724 3835 An.

457 3853 560 3905 'ar-
685 3893 700 3919 '
740 3863 768 3903 ⁶-
807 3884 854 3914 k,
928 3856 974 3903 6.

574 4037 637 4089 Α.
675 4053 721 4089 c.
780 4040 881 4090 695
914 4036 1226 4102 Πελάγωνε
1264 4036 1532 4102 (ελὰγων
1566 4034 1926 4090 Ptolemaeus
1951 4035 2261 4094 Oroandae.
2302 4066 2361 4076 —
2399 4040 2498 4090 697
2534 4037 2597 4089 ἐν
2621 4052 2727 4091 τιςι

438 4105 527 4159 διὰ
562 4109 666 4158 τοῦ
693 4111 740 4158 ἐ’
765 4104 1056 4174 ἐμπνύνθη
1080 4122 1166 4172 γρ.
1202 4104 1286 4158 ita
1307 4103 1691 4160 Aristarchum
1716 4103 1998 4173 scripsisse
2023 4105 2303 4158 testantur
2327 4102 2512 4160 Schol.
2536 4103 2578 4156 Χ
2604 4109 2725 4170 475,
2754 4097 2772 4117 ⁶

441 4190 470 4226 ε
503 4177 619 4226 458.
657 4201 719 4210 —
757 4177 857 4226 700
892 4174 1077 4229 οὕτως
1117 4173 1338 4241 Ἀρίςτα
1368 4189 1470 4250 χος
1515 4174 1812 4240 ἀμφότερα
1857 4174 1946 4227 διὰ
1989 4177 2093 4226 τοῦ
2130 4179 2196 4238 f,
2243 4172 2727 4240 προτρέποντο

444 4240 534 4291 καὶ
572 4239 683 4292 ἐπὶ
720 4243 877 4306 νηῶν
912 4238 1268 4308 Didymus:
1365 4257 1404 4293 ιι
1441 4241 1844 4309 προτράποντο
1879 4241 1941 4295 et
1973 4240 2108 4295 ἀπὸ.
2160 4269 2220 4278 ·-
2266 4246 2365 4295 703
2399 4239 2728 4307 ἀρίςταρχος

441 4305 531 4358 διὰ
565 4309 669 4358 τοῦ
709 4313 756 4358 δί·
796 4307 1166 4375 [ἐ]ξενάριξαν
1201 4307 1542 4376 Didymus.
