3144 5006
452 390 536 456 58
1372 393 1707 449 ΙΛΙΑΔΟ(
1754 392 1818 446 Β.

625 546 973 631 Ἀτρείδης,
1019 548 1159 614 ἐπεὶ
1202 547 1283 614 οὔ
1329 570 1441 629 ςφι
1484 548 1787 615 θαλάςςια
1829 548 1989 629 ἔργα
2033 550 2310 629 μεμήλει.

455 653 574 711 615
793 650 859 714 οἳ
903 652 970 714 δ’
1013 648 1140 728 ἄρα
1185 649 1586 730 Βουπράςιόν
1630 670 1698 716 τε
1744 652 1847 715 καὶ
1888 652 2118 717 Ἤλιδα
2161 654 2306 718 δῖαν
2350 650 2603 735 ἔναιον,

621 750 814 817 ὅςςον
859 751 977 833 ἐφ’
1021 753 1283 833 Ὑρμίνη
1326 752 1429 818 καὶ
1474 752 1797 832 Μύρςινος
1842 741 2207 832 ἐςχατόωςα

620 854 820 935 πέτρη
865 855 932 919 τ’
978 853 1226 935 Ὠλενίη
1273 856 1375 920 καὶ
1417 855 1691 922 Ἀλίςιον
1737 855 1924 921 ἐντὸς
1967 855 2202 936 ἐέργει,

620 962 754 1022 τῶν
801 955 883 1021 αὗ
927 956 1218 1036 τέςςαρες
1263 956 1453 1037 ἀρχοὶ
1498 957 1685 1041 ἔςαν,
1729 957 1884 1023 δέκα
1927 957 1999 1022 δ’
2042 957 2230 1037 ἀνδρὶ
2273 958 2515 1044 ἑκάςτῳ

619 1060 770 1136 νῆες
814 1058 1056 1124 ἕποντο
1100 1059 1281 1143 θοαί,
1326 1059 1560 1126 πολέες
1605 1060 1674 1125 δ’
1717 1060 2024 1141 ἔμβαινον
2067 1061 2316 1129 Ἐπειοί.

457 1098 582 1224 620
624 1165 755 1226 τῶν
801 1161 914 1239 μὲν
958 1158 1072 1241 ἄρ’
1115 1161 1508 1243 Ἀμφίμαχος
1552 1164 1656 1227 καὶ
1699 1162 1986 1228 Θάλπιος
2029 1162 2383 1243 ἡγηςάςθην
2398 1212 2417 1246 ,

618 1260 749 1327 υῐες
793 1261 832 1326 ὃ
878 1264 993 1340 μὲν
1043 1264 1354 1346 Κτεάτου,
1399 1264 1438 1329 ὃ
1482 1266 1550 1329 δ’
1593 1263 1706 1345 ἄρ’
1748 1263 2062 1345 Εὐρύτου,
2109 1265 2520 1345 Ἀκτορίωνε·

616 1368 749 1430 τῶν
793 1365 861 1428 δ’
906 1364 1393 1447 Ἀμαρυγκείδης
1436 1366 1595 1447 ἦρχε
1640 1367 1943 1448 κρατερὸς
1987 1366 2277 1447 Διώρης·

615 1468 749 1531 τῶν
792 1468 865 1531 δὲ
907 1467 1232 1549 τετάρτων
1275 1469 1433 1550 ἦρχε
1474 1469 1872 1537 Πολύξεινος
1915 1470 2233 1551 θεοειδής,

616 1567 754 1634 υἱὸς
800 1569 1211 1647 Ἀγαςθένεος
1252 1572 1620 1651 Αὐγηιάδαο
1663 1570 1956 1637 ἄνακτος.

447 1675 570 1734 625
789 1673 856 1736 οἳ
897 1672 967 1736 δ’
1008 1672 1080 1738 ἐκ
1122 1674 1504 1755 Δουλιχίοιο
1550 1674 1861 1755 Ἐχινάων
1904 1674 1970 1738 θ’
2012 1673 2251 1753 ἱεράων

617 1774 866 1857 νήςων,
911 1775 980 1838 αἳ
1023 1777 1268 1842 ναίουςι
1312 1775 1752 1857 πέρηνὰλός,
1798 1776 2061 1842 Ἤλιδος
2104 1774 2295 1853 ἄντα,

616 1882 748 1942 τῶν
793 1874 945 1941 αὖθ’
986 1877 1338 1958 ἡγεμόνευε
1385 1879 1636 1960 Μέγης,
1683 1876 2040 1963 ἀτάλαντος
2084 1878 2298 1962 Ἄρηι,

615 1978 956 2058 Φυλείδης,
1004 1980 1083 2046 ὃν
1127 1979 1292 2047 tinere
1335 1980 1615 2061 διίφιλος
1657 1979 1900 2045 ἱππότα
1942 1980 2224 2059 Φυλεύς,

617 2079 692 2147 ὅς
736 2100 897 2146 ποτε
940 2079 1299 2162 Δουλίχιον
1345 2083 1413 2147 δ’
1457 2081 1860 2150 ἀπενάςςατο
1903 2083 2097 2163 πατρὶ
2138 2084 2476 2163 χολωθείς·

446 2190 572 2249 630
611 2190 705 2267 τῷ
749 2183 817 2248 δ’
861 2182 988 2263 ἅμα
1032 2184 1499 2264 τεςςαράκοντα
1541 2186 1832 2266 μέλαιναι
1876 2187 2024 2265 νῆες
2068 2185 2331 2253 ἕποντο.

782 2284 987 2365 αὐτὰρ
1033 2286 1366 2353 Ὀδυςςεὺς
1408 2287 1523 2366 ἦγε
1571 2288 1989 2367 Κεφαλλῆνας
2032 2288 2431 2367 μεγαθύμους
2450 2338 2466 2365 ,

615 2388 679 2453 οἵ
723 2387 792 2467 ῥ’
837 2387 1075 2467 Ἰθάκην
1120 2387 1303 2468 εἶχον
1348 2390 1451 2454 καὶ
1496 2389 1775 2469 Νήριτον
1821 2387 2301 2470 εἰνοςίφυλλον,

614 2492 739 2557 καὶ·
763 2489 1099 2571 Κροκύλει’
1142 2490 1454 2571 ἐνέμοντο
1499 2492 1603 2558 καὶ
1643 2490 1938 2569 Αἰγίλιπα
1980 2493 2311 2576 τρηχεῖαν,

611 2592 678 2658 οἵ
719 2613 789 2659 τε
834 2592 1173 2660 Ζάκυνθον
1216 2594 1371 2674 ἔχον
1416 2594 1516 2673 ἠδ’
1560 2596 1627 2659 οἳ
1672 2592 1886 2674 (άμον
1930 2595 2417 2679 ἀμφενέμοντο,

441 2701 563 2761 635
609 2695 675 2761 οἵ
716 2697 781 2760 τ’
823 2694 1094 2775 ἤπειρον
1138 2695 1294 2776 ἔχον
1343 2697 1454 2776 ἠδ’
1497 2696 1879 2777 ἀντιπέραια
1921 2697 2231 2777 νέμοντο·

609 2801 744 2866 τῶν
788 2798 902 2877 μὲν
948 2797 1281 2864 Ὀδυςςεὺς
1323 2799 1480 2879 ἦρχε
1523 2798 1637 2864 Διὶ
1682 2802 1862 2880 μῆτιν
1907 2797 2292 2865 ἀτάλαντος·

452 2961 533 2965 ---
570 2958 625 2966 --m-
656 2957 741 2963 -..-

576 3035 643 3090 V.
682 3056 730 3090 1..
785 3041 885 3090 615
930 3038 984 3091 οἱ
1021 3036 1084 3089 A.
1131 3037 1239 3103 ἄρα
1255 3038 1384 3104 ἂρ
1421 3035 1486 3090 G.
1532 3067 1599 3076 —
1645 3041 1743 3089 616
1788 3038 1951 3091 ὅςςον
1995 3038 2113 3101 ἡὺ
2192 3036 2281 3104 ίνη
2320 3033 2384 3088 G.
2429 3032 2658 3101 ὑρμίνη
2670 3034 2727 3087 C.

445 3106 681 3161 Ἀλίςιον
716 3104 830 3158 Hes
871 3101 957 3157 ch.
1006 3105 1044 3166 l,
1086 3053 1239 3158 123ρεα
1251 3055 1384 3158 libri
1429 3104 1714 3159 Ἀ.λείςιον
1763 3132 1830 3142 ·-
1874 3110 1976 3158 620
2020 3106 2089 3172 ἂρ
2176 3103 2243 3157 G.
2295 3135 2360 3144 —
2412 3107 2507 3157 621
2556 3103 2589 3155 ὁ
2625 3091 2727 3167 μὲν

442 3174 753 3228 εὐκτεάτου
845 3172 933 3224 ,ὃ
968 3173 1019 3225 δ’
1054 3169 1159 3226 CL.
1205 3174 1275 3240 ἂρ
1312 3171 1413 3225 AG
1418 3170 1532 3228 HL.
1576 3173 1668 3240 ἄρ’
1711 3172 1894 3226 omitt.
1932 3172 1972 3226 C
2020 3121 2283 3227 Sch01.N
2327 3176 2439 3227 185.
2484 3169 2726 3237 εὐρύτου

442 3280 546 3329 τοο
584 3272 648 3328 G.
688 3273 1003 3339 ἀκτορίωνε
1041 3272 1089 3325 A
1127 3272 1310 3329 Schol.
1351 3275 1393 3329 Ν
1438 3278 1547 3329 185.
1584 3275 1758 3343 ἁκτορ
1763 3252 1932 3331 ίωνος
1969 3272 2030 3328 S:
2068 3272 2244 3328 ceteri
2267 3271 2634 3340 ἀκτορίωνος.
2659 3301 2722 3310 -

440 3348 543 3398 624
575 3342 932 3409 ἀγαςθενέως
967 3339 1027 3396 L.
1063 3370 1129 3380 -
1165 3347 1266 3397 625
1303 3343 1358 3397 οἱ
1393 3341 1460 3395 Α.
1497 3377 1560 3385 -
1599 3348 1700 3398 626
1727 3292 1819 3397 αἳ·
1856 3343 1912 3398 οἳ
1944 3342 2099 3396 Eunt.
2134 3347 2254 3409 804,
2286 3347 2382 3407 463
2421 3340 2726 3409 utrumque

440 3420 974 3510 306,18.να13ύ’ἷ9“
1010 3443 1064 3498 s,
1101 3446 1248 3512 πέρα
1250 3460 1284 3497 ν
1319 3441 1384 3502 G.
1424 3474 1484 3482 -
1522 3451 1623 3499 627
1659 3450 1780 3499 τῶν
1814 3447 1865 3499 ι)
1900 3443 1942 3499 c
1978 3441 2138 3499 vtat.
2172 3444 2239 3498 A.
2276 3444 2411 3500 αὖοι
2450 3442 2522 3497 ao
2556 3439 2622 3496 G.
2660 3472 2722 3480 -

439 3518 551 3567 628
575 3513 649 3567 διί
684 3511 850 3581 φίλος
888 3461 1248 3567 ACEGHLS
1258 3488 1460 3566 Str-&fibo
1500 3509 1593 3578 IX,
1631 3519 1747 3569 459
1785 3511 2110 3568 Athenaeus
2143 3510 2212 3578 X,
2238 3515 2354 3570 458.
2391 3512 2640 3578 φυλλεὺς
2665 3508 2723 3563 L.

440 3610 505 3622 -—
542 3585 642 3636 629
684 3529 880 3647 δουλίχ
885 3597 971 3635 ιον
1016 3578 1122 3646 GS,
1170 3578 1371 3634 omisso
1420 3582 1485 3634 δ’.
1539 3611 1605 3620 -
1650 3586 1748 3635 631
1798 3584 2122 3648 κεφαλῆνας
2158 3579 2199 3635 C
2247 3586 2293 3634 1.
2327 3595 2476 3635 man.
2513 3576 2623 3632 HL.
2661 3606 2721 3617 —

440 3657 542 3706 633
576 3654 844 3717 τραχεῖαν
846 3598 946 3703 G.
1018 3654 1185 3704 -635
1219 3649 1353 3715 ἔχον
1388 3649 1445 3703 οἵ
1478 3650 1530 3701 τ’
1568 3648 1637 3703 11.
1673 3649 1727 3703 οἳ
1764 3651 1814 3704 δ’
1847 3649 2122 3716 ἀντιπέρα
2147 3647 2201 3702 S.
2236 3648 2493 3715 ἀντιπέρ’
2528 3646 2593 3701 G.
2631 3647 2724 3700 ἀν-

439 3719 677 3787 τιπέραν
716 3716 868 3771 Vrat.
906 3735 953 3774 c
990 3716 1159 3771 Mose.
1200 3722 1246 3769 1.
1250 3665 1453 3770 *ceteri
1492 3717 1808 3785 ἅντιπέραι
1842 3718 2128 3784 ἐνέμοντο.

575 3926 641 3978 Α.
681 3943 725 3977 c.
780 3928 880 3977 616
916 3921 1175 3990 ἰΥρμίνη
1215 3921 1445 3989 Υρμίνη
1484 3919 1819 3975 ZenodotuS.
1845 3950 1909 3959 —-
1936 3925 2034 3975 617
2076 3920 2339 3977 ἐΑλίςιον
2379 3921 2444 3974 ἐν
2480 3920 2580 3986 μὲν
2604 3926 2724 3974 τοῖς

441 3996 697 4048 παλαιοῖς
741 3996 864 4046 τῶν
910 3991 1280 4059 ἀντιγράφων
1326 3990 1415 4043 διὰ
1456 3990 1771 4057 διφθόγγου
1817 3990 2076 4069 φέρεται,
2134 3991 2168 4044 ὁ
2210 3990 2272 4044 δὲ
2316 3993 2440 4043 τῶν
2484 3988 2725 4043 ἐθνικῶν

440 4061 956 4182 {22375032-2‘500
980 4007 2726 4204 221⁹⁶R²5ss00fflffi32th312ffisszssfgkssssssssaffffi‘zzss

440 4194 524 4249 αἳε
573 4193 628 4248 οἳ
672 4194 1005 4250 Ζοιιοᾶοωει.
1050 4223 1118 4235 —-
1160 4199 1256 4249 631
1343 4193 1479 4249 abet
1529 4192 1761 4248 obolum
1806 4165 2095 4263 ad’piotum
2138 4193 2199 4247 in
2243 4141 2365 4252 cod.
2411 4193 2478 4246 Α.
2523 4219 2587 4232 -
2623 4195 2723 4247 634

444 4260 798 4315 Aristarchus
833 4262 1049 4327 (ἀμονι
1087 4260 1403 4317 zenodotus
1440 4262 1651 4329 (ἀμην,
1687 4262 1934 4330 ἄμετρον
1969 4266 2154 4330 ποιῶν
2188 4262 2296 4315 τὸν
2330 4258 2540 4326 ςτίχον,
2577 4261 2723 4316 conf.

444 4326 649 4384 Scholl.
686 4345 722 4382 α
755 4334 874 4395 246,
909 4330 942 4384 δ
976 4335 1094 4397 671,
1127 4335 1246 4395 845,
1282 4348 1301 4385 ι
1334 4336 1418 4397 24,
1454 4349 1487 4385 ο
1523 4336 1606 4387 29.
