3144 5006
560 376 686 440 308
1461 372 1798 428 ιΛιΑΔος
1856 374 1915 427 x.

729 528 796 591 αἲ
840 528 963 607 γὰρ
1008 526 1118 592 ἀπ’
1162 528 1398 594 οὔατος
1443 527 1539 605 εἴη
1586 528 1736 607 ἐμεῦ
1779 526 1974 593 Enoc·
2022 525 2188 592 ἀλλὰ
2233 527 2378 606 μάλ’
2423 527 2645 593 αἰνῶς

560 636 685 693 455
731 630 952 707 δείδω,
998 632 1079 709 μὴ
1124 631 1202 708 δή
1248 651 1353 707 μοι
1398 630 1635 707 θραςὺν
1678 630 1953 707 Ἕκτορα
1996 632 2136 694 δῖος
2181 630 2511 708 Ἀχιλλεὺς

728 738 972 813 μοῦνον
1019 731 1385 810 ἀποτμήξας
1429 730 1657 795 πόλιος
1701 731 1927 796 πεδίον
1974 733 2046 796 δὲ
2091 731 2329 812 δίηται,

730 836 832 899 καὶ
876 836 955 914 δή
1000 856 1104 913 μιν
1147 832 1513 915 καταπαύςῃ
1557 831 1904 912 ἀγηνορίης
1948 831 2308 917 ἀλεγεινῆς,

727 936 766 1015 ἥ
813 958 914 1016 μιν
961 935 1182 1016 ἔχεςκ’,
1228 934 1368 999 ἐπεὶ
1412 933 1493 997 οὔ
1536 935 1683 999 ποτ’
1727 935 1820 999 ἑνὶ
1864 938 2101 1014 πληθυῖ
2144 935 2333 1014 μένεν
2378 934 2701 1013 ἀνδρῶν,

729 1039 896 1102 ἀλλὰ
940 1038 1109 1102 πολὺ
1154 1036 1527 1115 προθέεςκε,
1572 1037 1649 1101 τὸ
1694 1037 1773 1101 ὃν
1818 1037 2011 1114 μένος
2057 1035 2272 1101 οὐδενὶ
2315 1035 2530 1101 εἴκων.

560 1121 684 1203 460
898 1140 989 1203 ὣς
1032 1138 1285 1219 φαμένη
1331 1136 1637 1216 μεγάροιο
1686 1138 1964 1203 διέςςυτο
2011 1138 2263 1217 μαινάδι
2306 1135 2439 1216 ἴςη,

730 1240 1100 1320 παλλομένη
1146 1239 1434 1319 κραδίην·
1481 1238 1608 1317 ἅμα
1653 1239 1710 1302 δ’
1755 1239 2115 1319 ἀμφίπολοι
2159 1240 2297 1303 κίον
2342 1239 2528 1322 αὐτῇ.

728 1343 931 1422 αὐτὰρ
976 1342 1114 1406 ἐπεὶ
1159 1340 1408 1420 πύργόν
1453 1362 1521 1406 τε
1567 1342 1669 1406 καὶ
1714 1340 1974 1419 ἀνδρῶν
2018 1341 2147 1405 ἷξεν
2195 1339 2455 1424 ὅμιλον,

728 1445 871 1523 ἔςτη
917 1442 1275 1521 παπτήνας’
1318 1442 1424 1507 ἐπὶ
1464 1442 1691 1526 τείχεϊ,
1734 1443 1851 1509 τὸν
1896 1444 1968 1507 δὲ
2012 1443 2239 1521 νόηςεν

735 1546 1086 1625 ἑλκόμενον
1130 1544 1407 1623 πρόςθεν
1453 1544 1711 1609 πόλιος·
1757 1545 1980 1623 ταχέες
2026 1546 2097 1609 δέ
2143 1566 2245 1625 μιν
2286 1544 2480 1610 ἵπποι

562 1656 683 1712 465
733 1649 923 1712 ἕλκον
967 1646 1326 1725 ἀκηδέςτως
1371 1647 1589 1710 κοίλας
1633 1645 1735 1710 ἐπὶ
1778 1650 1936 1723 νῆας
1978 1647 2270 1725 Ἀχαιῶν.

733 1751 848 1828 τὴν
894 1750 965 1813 δὲ
1010 1748 1142 1811 κατ’
1187 1746 1546 1827 ὀφθαλμῶν
1591 1748 1890 1828 ἐρεβεννὴ
1935 1749 2047 1813 νὺξ
2091 1748 2445 1829 ἐκάλυψεν,

729 1853 916 1931 ἤριπε
963 1851 1018 1916 δ’
1062 1848 1366 1927 έξοπίςω,
1415 1848 1547 1913 ἀπὸ
1595 1851 1665 1913 δὲ
1710 1851 1926 1929 ψυχὴν
1971 1848 2294 1914 ἑκάπυςςε.

727 1955 876 2031 τῆλε
924 1953 981 2016 δ’
1026 1951 1158 2016 ἀπὸ
1205 1950 1434 2029 κρατὸς
1479 1951 1631 2030 βάλε
1679 1951 1950 2029 δέςματα
1995 1951 2395 2027 ςιγαλόεντα,

734 2054 990 2134 ἄμπυκα
1033 2053 1440 2131 κεκρύφαλόν
1484 2062 1555 2117 τε
1601 2052 1694 2117 ἰδὲ
1739 2055 2014 2131 πλεκτὴν
2061 2053 2418 2132 ἀναδέςμην

523 2163 686 2220 ’470
729 2155 1085 2236 κρήδεμνόν
1131 2155 1206 2240 θ’,
1250 2154 1287 2219 ὅ
1334 2152 1415 2232 ῥά
1460 2153 1523 2217 οἱ
1567 2157 1736 2218 δῶκε
1781 2155 2009 2233 χρυςέη
2058 2154 2400 2235 Ἀφ,·;δίτη

728 2257 913 2336 ἤματι
955 2263 1081 2341 τῷ,
1128 2255 1235 2320 ὅτε
1280 2275 1384 2334 μιν
1428 2257 1853 2334 κορυθαίολος
1895 2254 2153 2332 ἠγάγεθ’
2195 2255 2438 2333 Ἕκτωρ

731 2359 800 2423 ἐκ
844 2357 1049 2435 δόμου
1096 2355 1464 2430 Ἠετίωνος,
1510 2356 1653 2421 ἐπεὶ
1696 2357 1857 2435 πόρε
1904 2357 2089 2436 μυρία
2133 2354 2304 2422 ἕδνα.

732 2460 896 2541 ἀμφὶ
939 2460 1008 2522 δέ
1054 2479 1156 2538 μιν
1201 2458 1424 2539 γαλόῳ
1469 2478 1535 2525 τε
1581 2460 1684 2525 καὶ
1727 2457 2043 2538 εἰνατέρες
2086 2458 2226 2525 ἅλις
2270 2458 2488 2534 ἔςταν,

696 2644 764 2697 V.
806 2664 856 2698 ι..
930 2650 1028 2697 454
1067 2647 1152 2713 εἴη
1189 2647 1325 2699 ἔπος
1363 2646 1497 2712 ἐμεῦ
1533 2644 1692 2697 Vrat.
1727 2645 1780 2702 b.
1819 2680 1880 2688 -
1918 2650 2019 2698 455
2053 2645 2279 2708 ἀχϊλεὺς
2316 2642 2374 2698 C.
2413 2672 2478 2682 —-
2515 2649 2617 2698 456
2653 2644 2854 2699 πεδίον

561 2715 622 2767 δὲ
662 2713 775 2771 AG.
812 2713 1025 2767 πεδίοιο
1062 2713 1220 2770 Vrat.
1256 2713 1310 2768 d.
1349 2744 1401 2752 -
1447 2720 1545 2766 457
1585 2714 1924 2768 καταπαύςει
1959 2711 2049 2765 EL
2088 2711 2245 2765 Vrat.
2279 2714 2344 2765 A.
2382 2741 2445 2750 —
2492 2716 2595 2766 458
2632 2714 2716 2767 ἐνι
2754 2708 2850 2764 AD

562 2797 629 2834 ex
677 2797 815 2835 corr.
860 2782 924 2833 ἐν
977 2779 1025 2833 D
1077 2787 1119 2833 1.
1165 2797 1310 2834 man.
1368 2784 1443 2833 πλ
1486 2783 1578 2835 θύϊ
1623 2779 1815 2835 ACDE
1861 2781 1949 2834 ter
1993 2778 2114 2833 GH.
2169 2781 2374 2845 πλήθει
2416 2779 2454 2833 S
2501 2777 2662 2833 Cant.
2711 2778 2854 2832 Mor.

562 2851 732 2915 μένεν
778 2847 948 2903 CELS
987 2847 1126 2902 Ven.
1175 2847 1238 2900 B.
1294 2849 1425 2911 μένε
1527 2889 1539 2901 .
1597 2849 1716 2912 μέν’
1749 2847 1851 2901 AH
1886 2847 2033 2901 Flor.
2092 2847 2193 2914 μὲν
2229 2846 2293 2901 G.
2350 2878 2413 2886 —
2465 2852 2567 2901 459
2605 2849 2754 2901 ἀλλα
2787 2848 2849 2900 A.

562 2919 699 2970 τεὸν
736 2919 903 2982 μένος
930 2915 1048 2968 DH.
1092 2946 1148 2955 —
1187 2921 1289 2970 460
1325 2918 1404 2970 ὡς
1444 2918 1506 2969 Α.
1547 2917 1655 2984 ἴςηι
1680 2914 1840 2968 ADL.
1872 2946 1934 2955 —
1970 2920 2062 2967 461
2107 2915 2301 2983 κραδίη
2331 2914 2394 2967 D.
2438 2915 2639 2984 κραδίῃ
2679 2913 2849 2968 Mose.

562 2991 608 3038 2.
649 2984 790 3038 conf.
829 2986 1177 3049 παλλόμεναι
1214 2984 1446 3051 κραδίην
1483 2983 1673 3047 Quint„
1709 2982 1801 3037 Sm
1844 3001 1924 3036 m.
1961 2981 2113 3048 XIII,
2157 2988 2269 3037 115.
2308 2984 2371 3037 ἐκ
2407 2984 2600 3048 πλήγη
2640 2984 2850 3050 φρένας

565 3055 606 3108 Ν
647 3058 711 3106 39
725 3059 762 3105 ι.
802 3053 859 3106 Π
894 3058 1009 3106 403.
1050 3053 1380 3118 κατεπλήγη
1419 3052 1588 3117 φίλον
1625 3053 1767 3118 ἦτορ
1804 3001 1841 3107 'X
1876 3058 1958 3108 31.
1996 3053 2119 3115 ἄχεϊ
2155 3052 2526 3118 βεβολημένος
2563 3052 2711 3117 ἦτορ
2749 3050 2762 3103 Ι
2801 3053 2846 3100 9.

562 3151 621 3160 --·
663 3125 762 3172 462
801 3121 1020 3186 πύργόν
1056 3137 1118 3174 τε
1155 3118 1264 3175 AC.
1304 3121 1541 3186 πύργων
1581 3118 1644 3173 D.
1681 3120 1798 3173 ἵξεν
1834 3118 1955 3171 DH.
1991 3123 2111 3174 ἷξεν
2147 3121 2209 3174 Α.
2256 3147 2320 3157 ——
2365 3124 2466 3172 403
2503 3134 2584 3172 πα
2712 3115 2850 3170 ινας*

563 3188 619 3242 C.
655 3190 706 3240 δ’
739 3188 971 3254 ἑνόηςεν
1006 3186 1154 3241 libri.
1194 3218 1258 3226 —
1293 3192 1395 3240 461
1430 3187 1606 3240 habet
1640 3185 1691 3238 H
1725 3187 1784 3239 in
1820 3202 1997 3254 marg.
2034 3203 2180 3244 man.
2218 3202 2327 3240 rec.
2377 3187 2586 3253 πρόςθε
2623 3183 2674 3238 D
2731 3226 2744 3240 .
2784 3212 2846 3223 -

559 3261 660 3309 465
698 3259 887 3309 κοῖλος
922 3254 989 3312 D.
1026 3257 1122 3310 ἐπὶ·
1157 3254 1225 3307 Η.
1267 3285 1321 3293 -
1362 3260 1462 3308 466
1498 3255 1670 3320 τήνδε
1708 3252 1773 3306 G.
1815 3256 2061 3322 ἐκάλυψε
2100 3255 2148 3307 A
2184 3253 2339 3307 Vrat.
2377 3255 2442 3310 A.
2476 3282 2544 3294 —
2593 3259 2695 3307 467
2732 3253 2843 3306 ἀπο

562 3322 611 3375 Η
665 3324 934 3377 ἑκάπυςςε
970 3320 1178 3376 AEGL.
1220 3351 1280 3359 --
1319 3328 1419 3376 468
1454 3324 1566 3377 ἀπο
1603 3323 1670 3375 Α.
1713 3323 1845 3387 βάλε
1882 3321 1925 3374 L
1961 3323 2023 3375 Li
2067 3339 2108 3376 s.
2146 3320 2322 3375 Paris.
2358 3322 2426 3376 A.
2461 3320 2521 3376 C.
2568 3322 2661 3387 χέε
2704 3317 2841 3375 ACD

563 3389 708 3443 EGH
749 3389 885 3443 Ven.
923 3389 967 3442 B
1023 3391 1144 3455 ςχέε
1181 3388 1232 3441 S.
1272 3419 1332 3428 —
1381 3397 1481 3444 469
1517 3407 1578 3443 τε
1627 3391 1709 3444 ἰδέ
1744 3388 1990 3444 ACDHL
2027 3339 2173 3458 Ripa.
2210 3388 2352 3444 Ven.
2396 3389 2459 3447 Β.
2506 3388 2663 3442 Harl.
2703 3387 2841 3441 Flor.

562 3457 721 3510 Rom.
762 3459 803 3510 A
852 3454 943 3509 011.
982 3455 1150 3525 Soph.
1198 3462 1279 3521 25,
1318 3463 1346 3510 7
1394 3459 1453 3509 et
1497 3465 1577 3510 33.
1617 3466 1663 3511 ².
1712 3458 1945 3522 „vitiose
1992 3458 2200 3523 ubique
2245 3456 2458 3526 legitur
2498 3474 2562 3511 τε
2600 3457 2683 3512 ἰδὲ
2720 3469 2836 3509 cum

562 3525 766 3578 hiatu“
868 3540 1052 3591 eyne.
1091 3540 1154 3577 τε
1192 3525 1291 3590 ἠδὲ
1324 3522 1438 3576 EG.
1473 3527 1526 3577 τ’
1561 3527 1662 3592 ἠδὲ
1699 3525 1877 3585 Scho}.
1902 3525 2062 3579 Pind.
2101 3525 2328 3592 olymp.
2363 3522 2435 3589 V,
2463 3529 2540 3578 15.
2578 3522 2705 3587 vn.
2739 3527 2838 3576 118.

563 3623 619 3632 -
663 3599 763 3645 470
797 3608 859 3646 τε
896 3593 928 3646 ὁ
1001 3592 1036 3644 ά
1077 3590 1119 3643 D
1176 3591 1209 3643 ὃ
1246 3591 1316 3658 ῥά
1351 3592 1406 3645 οἱ
1441 3591 1498 3645 C.
1536 3599 1708 3661 χρυςῆ
1745 3592 2092 3647 ACEGHLS.
2129 3596 2299 3659 χρυςὴ
2335 3591 2400 3644 D.
2438 3622 2502 3631 —
2539 3598 2634 3646 471
2677 3595 2837 3658 ἤματι

562 3660 629 3719 D.
666 3661 765 3714 ὅτέ
801 3677 893 3726 μιν
982 3700 995 3712 .
1041 3660 1404 3763 κορυέοβόλος
1450 3660 1512 3715 Α.
1565 3663 1929 3728 κορυθαιόλος
1966 3660 2086 3713 DH.
2131 3696 2196 3705 -
2243 3666 2342 3713 472
2388 3661 2522 3713 έδνα
2566 3659 2677 3714 CG.
2714 3660 2836 3713 έδνα

562 3761 628 3821 D.
666 3792 730 3801 -
766 3768 866 3816 473
902 3763 1042 3827 ἀμφι
1080 3760 1145 3814 D.
1183 3762 1416 3826 γαλόων
1450 3778 1513 3816 τε
1540 3760 1608 3814 D.
1646 3779 1730 3829 γρ.
1769 3764 1890 3817 ἅλις
1926 3763 2068 3829 ἤςαν
2105 3762 2170 3814 A.
2206 3761 2289 3814 ita
2311 3760 2454 3817 Flor.
2479 3761 2640 3820 Rom.
2668 3759 2834 3814 Paria.

562 3830 620 3888 L.
670 3833 799 3884 ἔςαν
834 3830 879 3883 Ε
916 3829 1072 3883 Vrat.
1108 3829 1161 3888 d.
1198 3830 1263 3888 A.

693 3983 759 4041 A.
798 4001 844 4040 c.
916 3989 1015 4037 458
1039 3987 1246 4050 πληθυῖ
1282 3981 1620 4050 bisyllabum
1647 3985 1734 4038 eet
1759 3986 1820 4038 ut
1854 3987 1886 4039 λ
1910 3989 2010 4037 514
2045 3984 2124 4038 ἐνί
2151 3986 2358 4050 πληθυῖ
2396 3983 2566 4049 μένεν
2600 3983 2832 4052 ἀνδρῶν.

561 4070 602 4104 π
648 4058 739 4105 105
777 4068 842 4114 με
879 4054 1088 4119 πληθυῖ
1122 4052 1483 4117 θαμαςαίατο.
1522 4052 1620 4106 ubi
1656 4055 1783 4108 octo
1819 4052 1947 4106 libri
1985 4053 2208 4120 πληθύι.
2246 4053 2388 4108 conf.
2425 4053 2624 4119 θρήνυι
2658 4069 2692 4120 ρ
2727 4058 2834 4106 501.

562 4122 825 4187 ὁρχηςτυῑ
872 4138 905 4189 ρ
951 4126 1050 4173 605
1094 4121 1379 4187 (ὁρχηςτύι
1426 4121 1716 4188 quinque).
1765 4122 1869 4176 ἰξυῖ
1914 4138 1942 4175 ε
1979 4125 2095 4175 231.
2143 4138 2176 4173 κ
2212 4127 2326 4174 544.
2381 4122 2587 4186 πλήθει
2632 4120 2833 4190 legitur

562 4189 600 4242 Ρ
641 4193 755 4241 330.
793 4190 840 4241 Ψ
875 4193 990 4243 639.
1038 4216 1100 4224 -
1147 4192 1246 4242 468
1292 4187 1616 4254 ἀρίςταρχος
1663 4191 1795 4252 βάλε
1840 4191 2107 4254 δέςματα,
2163 4189 2220 4241 αἱ
2263 4190 2325 4242 δὲ
2368 4192 2547 4241 κοιναὶ
2596 4190 2687 4256 χέε
2726 4185 2830 4238 Di·

562 4255 594 4306 (1
609 4272 814 4321 ymus.
865 4284 932 4295 -
975 4261 1075 4308 470
1112 4256 1188 4308 θέ
1237 4255 1300 4308 ἐκ
1347 4257 1599 4321 πλήρους
1645 4260 1677 4309 ό
1713 4274 1776 4311 τε
1823 4259 2122 4322 ςύνδεςμος
2168 4256 2485 4324 κρήδεμνόν
2518 4272 2608 4315 τε,
2654 4258 2828 4308 οὕτως

562 4325 766 4376 ἅπαςαι
803 4321 1142 4388 Didymus.
1184 4352 1244 4359 —
1282 4328 1382 4375 473
1419 4325 1612 4389 γαλόῳ
1651 4325 1894 4382 veteres.
1931 4340 2040 4377 non
2080 4326 2286 4393 γάλοῳ.
