3144 5006
470 387 597 452 318
1403 387 1732 443 ΙΛΙΑΔΟ(
1779 388 1839 440 Λ.

472 546 599 605 390
642 541 874 620 κωφὸν
918 540 1042 619 γὰρ
1087 538 1274 620 βέλος
1317 538 1557 617 ἀνδρὸς
1601 540 1945 605 ἀνάλκιδος
1988 539 2378 607 οὐτιδανοῖο.

530 643 542 655 “
638 641 678 721 ἦ
723 643 777 707 τ’
821 640 1035 706 ἄλλως
1080 642 1187 707 ὑπ’
1229 642 1437 724 ἐμεῖο,
1482 641 1583 705 καὶ
1628 639 1688 704 εἴ
1728 640 1783 704 κ’
1827 640 2053 717 ὀλίγον
2098 662 2220 721 περ
2265 643 2533 729 ἐπαύρῃ,

642 744 756 809 ὀξὺ
803 744 989 825 βέλος
1034 744 1323 824 πέλεται,
1368 743 1468 807 καὶ
1511 740 1781 822 ἀκήριον
1825 741 2032 823 ἄνδρα
2075 743 2299 822 τίθηςι·

639 848 760 910 τοῦ
805 848 875 910 δὲ
920 844 1221 921 γυναικὸς
1263 843 1381 921 μέν
1425 843 1479 908 τ’
1523 842 1930 924 ἀμφίδρυφοί
1972 844 2086 910 εἰςι
2127 845 2401 931 παρειαί,

641 947 869 1011 παῖδές
909 947 965 1009 τ’
1007 944 1378 1026 ὀρφανικοί·
1424 945 1463 1010 ὃ
1508 945 1581 1010 δέ
1626 945 1683 1009 θ’
1726 943 1939 1026 αἵματι
1987 948 2180 1023 γαῖαν
2221 947 2505 1027 ἐρεύθων

474 1053 597 1112 395
643 1050 937 1131 πύθεται,
983 1046 1208 1112 οἰωνοὶ
1251 1047 1324 1111 δὲ
1364 1046 1510 1125 περὶ
1554 1048 1749 1112 πλέες
1792 1046 1867 1125 ἠὲ
1909 1052 2226 1123 γυναῖκες.
2806 1129 2813 1136 ‚

812 1150 901 1214 ὣς
944 1149 1152 1232 φάτο,
1195 1152 1315 1213 τοῦ
1360 1149 1418 1214 δ’
1447 1148 1745 1214 Ὀδυςεὺς
1777 1151 1962 1228 δουρὶ
1989 1151 2220 1215 κλυτὸς
2249 1152 2518 1228 ἐγγύθεν
2550 1151 2759 1217 ἐλθὼν

642 1250 786 1328 ἔςτη
831 1251 1081 1330 πρόςθ’·
1126 1252 1165 1316 ὃ
1209 1251 1267 1315 δ’
1310 1251 1528 1316 ὄπιςθε
1572 1250 1996 1331 καθεζόμενος
2041 1254 2230 1333 βέλος
2273 1254 2405 1318 ὠκὺ

642 1352 713 1417 ἐκ
756 1353 961 1416 ποδὸς
1006 1352 1155 1435 ἕλκ’,
1201 1351 1405 1431 ὀδύνη
1452 1355 1523 1418 δέ
1566 1354 1671 1417 διὰ
1716 1354 1914 1432 χροὸς
1957 1352 2099 1431 ἦλθ’
2141 1355 2455 1434 ἀλεγεινή.

642 1454 708 1519 ἐς
753 1456 993 1534 δίφρον
1037 1453 1096 1517 δ’
1139 1453 1489 1537 ἀνόρουςε,
1533 1455 1637 1520 καὶ
1682 1454 1926 1540 ἡνιόχῳ
1970 1455 2270 1521 ἐπέτελλε

473 1561 601 1620 400
642 1557 862 1635 νηυςὶν
907 1555 1012 1620 ἔπι
1056 1558 1455 1640 γλαφυρῇςιν
1500 1556 1879 1637 ἐλαυνέμεν·
1922 1557 2156 1636 ἤχθετο
2199 1561 2323 1637 γὰρ
2367 1562 2504 1637 κῆρ.

814 1658 1011 1736 οἰώθη
1058 1657 1115 1723 δ’
1159 1657 1457 1723 Ὀδυςεύς
1501 1660 1689 1738 δουρὶ
1732 1658 1991 1744 κλυτός,
2035 1659 2192 1725 οὐδέ
2235 1681 2327 1725 τις
2371 1659 2550 1743 αὐτῷ

644 1760 946 1839 Ἀργείων
990 1760 1396 1840 παρέμεινεν,
1443 1759 1584 1825 ἐπεὶ
1627 1762 1843 1841 φόβος
1886 1761 2117 1841 ἔλλαβε
2159 1761 2434 1828 πάντας·

647 1862 924 1941 ὀχθήςας
968 1862 1026 1925 δ’
1068 1860 1196 1941 ἄρα
1239 1860 1383 1926 εἷπε
1427 1863 1594 1941 πρὸς
1640 1863 1719 1927 ὃν
1765 1863 2170 1945 μεγαλήτορα
2212 1864 2446 1943 θυμόν·

813 1962 977 2043 ὤμοι
1021 1963 1178 2041 ἐγώ,
1223 1963 1282 2027 τί
1327 1963 1546 2039 πάθω;
1603 1963 1764 2042 μέγα
1805 1965 1921 2042 μὲν
1965 1964 2184 2048 κακόν,
2240 1963 2309 2029 αἴ
2348 1985 2418 2029 κε
2463 1965 2759 2047 φέβωμαι

475 2072 599 2130 405
643 2066 892 2145 πληθὺν
936 2065 1278 2144 ταρβήςας·
1322 2066 1399 2130 τὸ
1444 2066 1515 2129 δὲ
1561 2064 1789 2146 ῥίγιον,
1836 2064 1905 2129 αἴ
1948 2086 2056 2131 κεν
2101 2065 2296 2131 ἁλώω

645 2171 914 2246 μοῦνος·
957 2167 1111 2230 τοὺς
1155 2165 1213 2229 δ’
1255 2165 1495 2230 ἄλλους
1537 2166 1849 2230 Δαναοὺς
1892 2167 2167 2248 ἐφόβηςε
2217 2169 2522 2248 Κρονίων.

646 2270 815 2333 ἀλλὰ
858 2269 915 2331 τί
959 2268 997 2345 ἤ
1042 2286 1147 2345 μοι
1190 2270 1388 2331 ταῦτα
1429 2269 1623 2347 φίλος
1664 2268 1988 2334 διελέξατο
2033 2269 2260 2348 θυμός;

645 2368 796 2435 οἶδα
838 2369 962 2448 γὰρ
1006 2369 1140 2433 ὅττι
1184 2370 1367 2433 κακοὶ
1410 2371 1526 2450 μὲν
1574 2369 1956 2448 ἀποίχονται
1999 2372 2337 2456 πολέμοιο,

645 2472 721 2537 ὃς
766 2471 838 2536 δέ
884 2471 941 2535 κ’
982 2470 1334 2556 ἀριςτεύῃςι
1379 2472 1547 2557 μάχῃ
1590 2471 1721 2557 ἔνι,
1763 2474 1884 2539 τὸν
1928 2474 2000 2538 δὲ
2044 2474 2213 2555 μάλα
2257 2474 2427 2553 χρεὼ

476 2580 603 2639 410
645 2574 974 2652 έςτάμεναι
1013 2579 1365 2658 κρατερῶς,
1410 2575 1449 2654 ἤ
1493 2576 1548 2639 τ’
1593 2574 1801 2656 ἔβλητ’
1842 2574 1882 2653 ἤ
1904 2562 1983 2639 ’τ’
2028 2574 2204 2656 ἔβαλ’
2246 2575 2468 2641 ἄλλον.

816 2674 950 2741 εἷος
994 2676 1032 2741 ὃ
1076 2677 1254 2740 ταῦθ’
1302 2676 1583 2756 ὥρμαινε
1626 2677 1786 2741 κατὰ
1829 2678 2045 2757 φρένα
2087 2678 2191 2743 καὶ
2233 2677 2392 2742 κατὰ
2436 2677 2659 2758 θυμόν,

646 2778 863 2859 τόφρα
906 2778 962 2843 δ’
1007 2779 1110 2843 ἐπὶ
1156 2778 1398 2857 Τρώων
1443 2779 1646 2857 ςτίχες
1685 2778 1929 2857 ἤλυθον
1974 2779 2359 2862 άςπιςτάων,

478 2910 714 2917 —.-....——.-
731 2910 880 2916 ---

611 2963 680 3018 V.
720 2983 770 3017 ι..
843 2970 938 3018 391
986 2966 1221 3029 ὑπεμεῖο
1257 2963 1321 3017 A.
1369 2964 1526 3028 ἐμοῖο
1562 2961 1721 3017 GHS.
1767 2965 2003 3032 ἑπαύροι
2035 2964 2097 3018 L.
2135 2994 2199 3003 —
2244 2970 2344 3019 392
2381 2965 2583 3029 ἄνδρας
2621 2965 2765 3029 αἶψα

477 3031 624 3086 libri.
672 3033 852 3100 τίθηςι
886 3030 1247 3089 ACDEGHL.
1293 3061 1357 3070 -
1402 3038 1501 3085 393
1539 3034 1643 3097 μέν
1687 3049 1775 3085 τοι
1813 3030 1878 3086 G.
1926 3035 1980 3086 τ’
2026 3032 2209 3090 omitt.
2254 3031 2370 3087 ΕΗ.
2418 3033 2767 3099 ἀμφίδρυφοι

479 3152 579 3208 είςὶ
615 3149 725 3205 GL.
763 3180 830 3189 —
866 3157 966 3204 394
1003 3151 1194 3204 παῖδές
1229 3151 1284 3202 τ’
1320 3149 1467 3204 ODH
1501 3150 1716 3203 Townl.
1755 3154 1952 3207 παῖδες
1997 3118 2047 3206 δ’
2081 3153 2147 3205 A.
2186 3152 2272 3205 ὅδ’
2305 3151 2365 3205 at
2405 3149 2599 3204 un‘G.
2636 3153 2669 3203 ὁ
2703 3152 2765 3203 δὲ

480 3221 670 3287 αἵματι
704 3218 766 3271 Ε.
813 3219 1079 3286 ἐρέφθων
1113 3215 1173 3272 L.
1219 3248 1284 3257 —
1330 3225 1432 3273 395
1466 3223 1623 3286 περὶ,
1660 3221 1824 3273 πλέες
1861 3221 1926 3273 A.
1972 3222 2272 3285 περιπλέες
2308 3218 2349 3272 C
2404 3216 2519 3270 HL.
2566 3246 2631 3255 —·
2664 3223 2767 3271 396

480 3290 560 3342 ὡς
593 3287 660 3342 A.
697 3287 953 3341 ὀδυςςεὺς
991 3284 1108 3341 DG.
1146 3288 1302 3354 δουρὶ
1339 3288 1546 3342 κλυτὸς
1583 3288 1647 3340 A.
1686 3317 1750 3327 —
1786 3293 1883 3341 397
1921 3290 2006 3341 ὅδ’
2029 3286 2191 3345 CGH.
2227 3288 2324 3342 ὀξὺ
2359 3288 2394 3351 ἢ
2433 3287 2553 3339 ὠκὺ
2578 3284 2623 3336 Ε
2647 3291 2767 3349 852,

478 3362 563 3409 43.
600 3384 666 3392 —-
701 3359 802 3408 398
839 3354 871 3388 *
897 3355 1037 3407 ἕλκ’;
1076 3352 1216 3408 εἷλκ’
1251 3352 1603 3407 ACDGHLS.
1643 3354 1830 3410 εἷλκεν
1865 3354 1929 3411 Ε.
1967 3387 2032 3395 —-
2068 3362 2166 3409 399
2205 3356 2473 3410 ἐπέτελλε
2510 3350 2765 3407 ACGHS.

481 3453 544 3462 —
580 3428 682 3476 400
717 3423 809 3476 ἐπὶ
847 3419 1157 3475 ACDGHL.
1193 3423 1448 3476 ἐλαύνειν
1485 3421 1600 3474 HL.
1643 3426 1853 3489 ἤχθετο
1889 3426 1997 3490 γὰρ
2031 3428 2162 3491 κῆρε
2200 3440 2287 3490 γρ.
2326 3422 2506 3476 ὠκέας
2552 3420 2765 3475 ἵππους

480 3493 545 3545 A.
580 3526 647 3536 -
682 3496 779 3544 401
819 3490 1078 3547 ὀδυςςεὺς
1103 3488 1220 3547 DG.
1256 3492 1414 3556 δουρὶ
1450 3491 1656 3544 κλυτὸς
1682 3494 1746 3550 Α,
1783 3520 1848 3532 --
1883 3498 1984 3545 402
2020 3492 2331 3559 παρέμιμνε
2364 3488 2424 3544 Ε.
2460 3491 2623 3554 ἔλαβε
2647 3486 2765 3541 DG.

483 3641 544 3650 -
582 3615 681 3664 404
720 3611 864 3675 ὤμοι
901 3607 1092 3662 ΑΟΒΕ
1127 3608 1213 3661 bis
1249 3606 1313 3660 G.
1360 3610 1503 3675 μέγα
1533 3574 1641 3675 ῗιεὲζ
1676 3608 1828 3663 Harl.
1881 3641 1937 3649 —
1982 3616 2083 3664 405
2117 3610 2292 3664 ἁλώω
2328 3606 2442 3662 DL.
2478 3638 2541 3646 —
2577 3613 2677 3662 407
2711 3607 2767 3660 τί

481 3682 518 3759 ᾖ
555 3677 635 3758 lq.
672 3664 828 3731 Al'ex.
868 3683 951 3741 42,
988 3683 1070 3730 24.
1107 3677 1162 3731 τί
1269 3676 1450 3730 Cram.
1487 3678 1590 3730 An.
1628 3676 1753 3731 Par.
1791 3677 1891 3756 JII,
1928 3684 2046 3743 302,
2080 3683 2161 3734 23.
2198 3678 2292 3744 τιή
2316 3675 2469 3733 Euat.
2501 3681 2646 3740 1274,
2684 3680 2766 3794 δὲ.

480 3747 860 3882 ἓῑῗὲῖξιᾞειῐ
899 3750 1010 3866 ἔοιῗ.
1033 3747 1121 3852 ⁶2
1157 3743 1276 3867 ¹310·
1305 3774 1408 3879 {ie
1428 3745 2335 3879 ⁴32.›‘”1·2.⁰”;¹¹“21{²·*‘32.²3232
2369 3742 2765 3865 Y532333E..

481 3900 630 3938 man.
654 3883 697 3937 L
722 3882 903 3936 Draco
928 3880 999 3934 de
1025 3879 1185 3934 Metr.
1209 3885 1260 3947 8,
1284 3887 1362 3934 15.
1400 3881 1533 3935 εἵως
1556 3880 1609 3933 Η
1633 3898 1703 3933 ex
1728 3898 1867 3936 corr.
1893 3879 2248 3936 5ACDGHL.
2276 3911 2340 3919 —-
2363 3885 2464 3933 412
2488 3881 2698 3948 τρῴων
2711 3878 2767 3932 1..

484 4001 528 4009 —.

618 4053 684 4108 A.
721 4071 768 4108 0.
827 4058 924 4107 391
962 4052 1026 4104 ἔν
1061 4067 1164 4104 τιςι
1198 4051 1476 4118 γράφεται
1515 4051 1751 4117 ἐπαύρω
1777 4049 1959 4103 Schol.
1986 4051 2052 4102 A.
2088 4080 2156 4090 -
2191 4054 2290 4104 392
2318 4050 2488 4116 αϊψαε
2515 4049 2768 4116 ἀρίςταρ-

485 4139 581 4189 χος
617 4124 793 4200 ἄνδρα
827 4122 1007 4188 τίθηςι
1044 4117 1170 4171 Did
1230 4135 1385 4172 mus,
1431 4150 1492 4158 —
1540 4126 1643 4173 395
1679 4120 1806 4186 περὶ
1843 4120 2010 4173 πλέες
2046 4117 2403 4172 Ptolemaeus
2451 4116 2773 4170 Ascalonita.

486 4192 545 4242 et
568 4190 793 4243 Alemo:
818 4189 1117 4257 περίπλεες
1143 4136 1442 4254 'gt-annio.
1479 4218 1539 4227 -
1582 4193 1679 4242 397
1717 4188 1851 4252 ἕλκ’,
1876 4186 2019 4239 conf.
2046 4192 2161 4241 357.
2201 4221 2261 4229 --
2299 4191 2399 4237 404
2436 4188 2597 4254 ᾤμοι,
2624 4182 2769 4262 σοιτί.

485 4257 556 4309 Η.
591 4257 818 4377 ΡἮΙΘΒἸ.ι
844 4287 910 4297 -
944 4262 1044 4309 409
1079 4259 1185 4309 τὸν
1219 4257 1280 4307 δέ
1317 4254 1627 4322 Tyrannio,
1664 4254 1940 4322 probante
1977 4253 2324 4307 Herodiano:
2359 4254 2526 4306 τόνδε
2552 4250 2768 4318 Alexlo,

486 4339 590 4377 con
616 4362 630 4377 .
724 4366 737 4381 .
823 4366 834 4378 .
870 4328 987 4379 362.
