3144 5006
1250 431 1588 491 ΙΛΙΑΔΟ(
1643 431 1793 489 XXI.
2540 435 2663 501 281

553 587 636 667 μή
680 589 742 669 μ’
787 587 1261 670 ἀπαειρόμενον
1304 588 1533 655 πόλιος
1576 589 1805 656 πεδίον
1848 591 1923 656 δὲ
1966 592 2193 675 νοήςῃ,

553 691 655 755 καί
697 709 772 771 με
817 693 1114 771 μεταῖξας
1156 692 1381 776 μάρψῃ
1426 692 1710 771 ταχέεςςι
1754 693 2067 759 πόδεςςιν.

387 793 510 853 565
556 789 766 857 οὐκέτ’
808 791 1004 858 ἔπειτ’
1047 792 1215 859 ἔςται
1258 794 1543 860 θάνατον
1586 795 1690 860 καὶ
1731 797 1927 873 κῆρας
1971 794 2225 861 ἀλύξαι·

557 892 698 971 λίην
741 894 867 973 γὰρ
911 894 1218 974 κρατερὸς
1260 896 1407 975 περὶ
1447 896 1715 962 πάντων
1759 895 1883 962 ἔστ’
1926 896 2311 976 ἀνθρώπων.

554 992 607 1059 εἰ
650 995 723 1060 δέ
765 995 876 1061 κέν
921 995 982 1060 οἱ
1026 996 1430 1075 προπάροιθε
1474 999 1703 1063 πόλιος
1746 998 2163 1064 κατεναντίον
2209 997 2405 1065 ἔλθω·

552 1097 656 1161 καὶ
695 1096 820 1176 γάρ
865 1102 983 1177 θην
1027 1096 1242 1185 τούτῳ
1285 1102 1533 1179 τρωτὸς
1577 1103 1750 1181 χρὼς
1795 1100 1927 1166 ὀξέι
1971 1103 2224 1183 χαλκῷ,

558 1197 629 1263 ἐν
676 1200 749 1263 δὲ
788 1197 859 1263 ἴα
901 1201 1108 1279 ψυχή,
1152 1204 1390 1282 θνητὸν
1435 1202 1509 1267 δέ
1553 1202 1585 1267 ἕ
1630 1203 1779 1282 φας’
1823 1202 2162 1281 ἄνθρωποι

384 1305 511 1363 570
554 1300 843 1381 ἔμμεναι·
891 1301 1093 1382 αὐτάρ
1139 1303 1201 1368 οἱ
1249 1304 1557 1384 Κρονίδης
1600 1304 1764 1370 Ζεὺς
1807 1309 1998 1370 κῦδος
2041 1303 2287 1371 ὀπάζει.

732 1402 823 1466 ὣς
867 1402 1069 1469 εἰπὼν
1115 1405 1372 1485 Ἀχιλῆα
1415 1405 1590 1471 ἀλεὶς
1632 1407 1852 1486 μένεν,
1897 1407 1969 1472 ἐν
2012 1405 2087 1470 δέ
2131 1406 2193 1471 οἱ
2234 1405 2394 1485 ἦτορ

558 1504 826 1584 ἄλκιμον
871 1504 1134 1586 ὡρμᾶτο
1177 1506 1581 1587 πτολεμίζειν
1625 1508 1743 1588 ἠδὲ
1786 1508 2107 1588 μάχεςθαι.

551 1606 703 1684 ἠύτε
746 1606 1060 1686 πάρδαλις
1103 1607 1220 1674 εἷςι
1266 1610 1520 1690 βαθείης
1565 1610 1638 1675 ἐκ
1679 1610 1980 1691 ξυλόχοιο

553 1707 793 1787 ἀνδρὸς
837 1713 1193 1789 θηρητῆρος
1236 1711 1564 1794 ἐναντίον,
1612 1711 1767 1777 οὐδέ
1811 1733 1870 1777 τι
1915 1717 2095 1796 θυμῷ

392 1815 515 1874 575
558 1813 774 1891 ταρβεῖ
818 1810 975 1876 οὐδὲ
1018 1815 1349 1896 φοβεῖται,
1394 1813 1532 1878 ἐπεί
1577 1834 1688 1878 κεν
1731 1814 2021 1891 ὑλαγμὸν
2065 1812 2334 1894 ἀκούςῃ·

558 1911 617 1978 εἴ
657 1933 779 1993 περ
822 1914 948 1992 γὰρ
993 1914 1322 1994 φθάμενός
1365 1935 1469 1994 μιν
1512 1916 1551 1994 ἢ
1600 1914 1839 1998 οὐτάςη
1881 1915 1956 1993 ἠὲ
2003 1914 2297 1998 βάλῃςιν,

558 2014 723 2081 ἀλλά
766 2034 834 2079 τε
878 2016 982 2080 καὶ
1022 2017 1171 2094 περὶ
1213 2017 1400 2095 δουρὶ
1440 2017 1817 2096 πεπαρμένη
1862 2016 1983 2081 οὐκ
2025 2015 2341 2097 ἀπολήγει

556 2116 785 2200 ἀλκῆς,
829 2117 980 2198 πρίν
1024 2117 1083 2195 γ’
1124 2117 1202 2197 ἠὲ
1244 2119 1668 2200 ξυμβλήμεναι
1711 2119 1786 2197 ἠὲ
1832 2122 2137 2200 δαμῆναι·

521 2335 587 2394 V.
622 2354 671 2390 τ..
741 2341 841 2392 563
894 2296 1308 2405 ἀπαειρῖμενον
1354 2340 1420 2394 Α.
1482 2341 1701 2410 πόληος
1761 2338 1831 2393 D.
1885 2345 1928 2398 1.
1965 2355 2113 2398 man.
2168 2341 2395 2395 πόλεως
2439 2339 2485 2394 Ε
2525 2344 2675 2407 1261,

385 2447 443 2506 θ;
496 2438 597 2494 sed
648 2444 803 2509 1251,
853 2445 916 2494 12
971 2442 1187 2497 πόλιος.
1241 2442 1440 2497 πεδίον
1485 2444 1546 2497 δὲ
1591 2441 1816 2501 ADGH.
1869 2423 2235 2500 ΠΕΔΙΟΝΔὲ
2283 2443 2403 2512 Syr.
2457 2474 2522 2483 —
2579 2449 2679 2498 564

387 2509 593 2577 μάρψει
639 2507 694 2563 S.
751 2510 972 2565 πόδεςςι
1017 2508 1083 2564 D.
1139 2540 1206 2550 -
1265 2516 1364 2567 565
1412 2512 1516 2566 οὐκ
1562 2514 1646 2567 ἔτι
1681 2511 1747 2567 G.
1800 2514 1981 2569 ἔςεται
2018 2512 2246 2568 Baroco.
2300 2515 2469 2581 κῡρας
2507 2511 2576 2572 Η.
2611 2541 2676 2551 -

386 2581 487 2630 566
524 2580 809 2644 κρατερῶς
843 2575 905 2632 L.
943 2578 1068 2645 πέρι
1105 2575 1168 2633 L.
1209 2583 1338 2646 περῖ
1374 2577 1431 2635 C.
1469 2610 1534 2620 -
1571 2585 1672 2635 567
1708 2581 1767 2634 δέ
1804 2598 1902 2635 κεν
1938 2581 1990 2635 οἱ
2028 2579 2243 2635 ACDE:
2282 2579 2460 2635 ceteri
2494 2582 2556 2635 δέ
2582 2581 2677 2634 κέν

387 2644 458 2699 οί.
494 2642 546 2697 H
583 2644 633 2700 εἰ
665 2645 716 2698 δ’
749 2645 926 2699 αὐτω.
968 2646 1166 2700 πόλιος
1202 2645 1451 2701 ACDEH
1487 2646 1607 2716 Syr.
1644 2645 1787 2706 Ven.
1824 2647 1886 2703 B.
1924 2647 2085 2703 Vrat.
2123 2651 2187 2706 A.
2228 2647 2355 2702 edd.
2394 2650 2530 2705 vett.
2577 2650 2676 2704 πό-

387 2714 515 2767 λεος
551 2711 609 2768 L.
648 2712 864 2779 πόληος
902 2711 951 2766 G
986 2711 1134 2782 Lips.
1168 2713 1316 2771 conf.
1367 2716 1406 2769 Β
1442 2719 1560 2773 811.
1613 2717 1738 2771 κατ’
1781 2717 2043 2772 ἐναντίον
2077 2715 2180 2771 Es,
2231 2716 2595 2772 κατεναντίος
2633 2714 2675 2768 L

387 2778 532 2849 Lips.
570 2780 764 2835 πεδίον
799 2782 860 2834 δὲ
894 2782 1090 2850 νοήςηι
1124 2780 1174 2834 D
1211 2783 1269 2837 et
1300 2783 1360 2835 in
1390 2771 1572 2853 harg.
1609 2786 1737 2838 κατ’
1769 2784 1980 2839 ἐναντί’
2013 2785 2180 2842 ἔλθω.
2214 2814 2282 2824 —
2328 2788 2428 2840 568
2464 2787 2572 2852 γὰρ
2606 2786 2676 2851 δὴ

386 2882 451 2936 Ε.
488 2883 597 2950 γάρ
632 2884 685 2935 τ’
719 2884 792 2950 ῆν
827 2883 1010 2939 Schol.
1055 2887 1107 2940 Δ
1143 2891 1259 2940 510.
1294 2914 1360 2988 .—
1396 2890 1496 2942 569
1533 2888 1597 2941 εν
1632 2889 1696 2941 A.
1741 2889 1804 2942 δέ
1840 2889 1866 2942 ἑ
1901 2888 2034 2955 φας’
2069 2885 2234 2942 con.
2281 2887 2343 2942 δέ
2379 2889 2404 2942 ε
2440 2866 2573 2955 φαὲ·
2606 2887 2672 2940 A„

388 2987 451 3041 δέ
487 2988 513 3040 ἑ
549 2989 661 3054 φὰς
697 2987 764 3040 D.
800 2988 863 3043 δέ
896 2989 923 3043 ε
960 2990 1092 3057 φάς’
1126 2988 1188 3042 Ε.
1223 2992 1316 3046 Δε
1350 2989 1554 3046 εφΑς·
1590 2990 1711 3059 Syr.
1752 3020 1811 3029 -
1852 2995 1948 3045 ὅτι
1988 2992 2068 3047 ὼε
2104 2991 2170 3045 A.
2217 2992 2370 3048 ἁλειε
2405 2990 2471 3045 G.
2517 2990 2676 3047 ΑΛις

387 3090 508 3159 Syr.
551 3077 760 3145 HTOP'
794 3090 917 3172 ssyr.
965 3121 1028 3132 -
1073 3098 1173 3147 572
1219 3095 1362 3148 πολε
1406 3093 1539 3148 ίζειν
1584 3094 1621 3148 S
1657 3092 1780 3214 sgr.
1828 3093 2044 3148 Towul.
2090 3094 2237 3149 Flor.
2290 3123 2354 3133 —
2400 3099 2500 3149 573
2537 3095 2677 3162 πάρ·

387 3160 542 3214 δαλις
579 3156 728 3213 GHL
762 3157 910 3229 Llps.
949 3161 1216 3228 πόρδαλις
1253 3161 1345 3214 Ac
1400 3160 1483 3216 Es
1519 3163 1642 3230 Syr.
1734 3160 1835 3217 arl.
1871 3160 2084 3216 Townl.
2110 3161 2268 3216 Vrat.
2308 3162 2364 3219 d.
2402 3163 2465 3215 A.
2502 3159 2675 3221 Mose.

387 3225 623 3350 ἓγῐέοτὲ
622 3225 805 3363 71155111.
843 3261 907 3272 -
945 3233 1044 3282 576
1081 3228 1358 3296 κτάμενός
1393 3228 1546 3288 Vrat.
1585 3230 1640 3287 b.
1677 3233 1713 3298 ἢ
1751 3230 1931 3285 omitt.
1967 3230 2083 3301 Syr.
2122 3231 2346 3286 οὐτάςει
2383 3228 2441 3286 Ο.
2478 3259 2541 3270 --
2578 3235 2675 3286 577

760 3387 777 3414 ἱ

526 3502 588 3555 Α.
626 3520 674 3554 o.
747 3507 845 3557 567
881 3519 981 3557 κεν
1018 3505 1149 3558 ante
1185 3506 1238 3560 οί
1274 3503 1431 3559 libris
1466 3503 1659 3558 invitis
1682 3519 1793 3559 non
1829 3503 2069 3567 mutavi,
2106 3520 2448 3574 quamquam
2476 3505 2678 3560 ceteris

387 3569 524 3624 locis
570 3585 707 3625 exce
748 3572 808 3625 to
851 3571 899 3624 Ψ
944 3577 1045 3625 540
1087 3572 1367 3640 scriptura
1408 3589 1471 3628 κε
1516 3572 1838 3641 praevalet,
1885 3573 2029 3627 conf.
2075 3574 2124 3628 Ζ
2167 3579 2284 3628 281.
2334 3576 2346 3628 Ι
2397 3578 2510 3628 155.
2562 3579 2673 3628 157.

388 3655 424 3704 γ
459 3643 559 3693 258
595 3636 697 3708 (Gl
757 3636 807 3691 V
844 3640 986 3704 κεν).
1021 3641 1053 3693 δ
1092 3646 1203 3699 174.
1251 3658 1267 3694 ι
1303 3646 1423 3695 458.
1458 3640 1580 3695 δαῖέ
1615 3642 1671 3695 οἱ
1703 3640 1741 3695 Ε
1778 3649 1826 3698 4.
1873 3669 1937 3681 --
1985 3647 2084 3696 569
2122 3640 2193 3695 de
2229 3640 2387 3695 hiabu
2424 3641 2487 3696 ἐν
2520 3642 2583 3696 δὲ
2620 3643 2678 3696 ῐα

386 3707 533 3764 conf.
571 3708 584 3761 Ι
624 3712 723 3761 319
760 3707 824 3761 ἐν
858 3708 920 3762 δὲ
957 3706 1012 3775 ἰῇ
1051 3707 1173 3774 (sed
1208 3709 1252 3763 Λ
1293 3714 1388 3763 174
1421 3713 1495 3776 τῇ
1531 3711 1594 3763 δέ
1629 3710 1683 3761 τ’
1716 3709 1793 3778 ίῇ.
1830 3710 1887 3763 Π
1923 3714 2023 3763 173
2058 3713 2162 3775 τῆς
2199 3711 2301 3775 μὲν
2338 3709 2466 3776 ἰῆς).
2506 3710 2549 3763 Α
2575 3715 2677 3765 533

386 3775 531 3829 Ζεὺς
566 3775 628 3828 δὲ
665 3775 762 3828 ἑὸν
799 3776 989 3842 (erem,
1024 3790 1137 3828 non
1176 3777 1346 3840 Γεὸν).
1389 3777 1428 3830 Β
1457 3781 1571 3832 165.
1614 3781 1704 3831 181
1734 3778 1872 3846 μηδὲ
1908 3779 1990 3832 ἔα.
2026 3778 2074 3832 Θ
2099 3781 2200 3831 428
2235 3781 2344 3831 νῶϊ
2379 3779 2473 3834 ἐῶ.
2514 3778 2672 3835 1420.

386 3847 485 3895 687
521 3848 678 3910 χεῖρα
716 3842 835 3908 ἑὴν.
896 3844 935 3897 Ρ
978 3849 1038 3895 16
1073 3849 1160 3897 τῶ
1198 3860 1266 3908 με
1304 3845 1385 3899 ἔα.
1438 3845 1483 3897 Τ
1525 3850 1624 3900 194
1657 3846 1813 3912 δῶρα
1847 3846 2000 3912 ὲμῆς.
2055 3846 2098 3900 Χ
2132 3850 2234 3899 339
2271 3846 2345 3912 μή
2382 3860 2449 3911 με
2487 3846 2570 3902 ἔα.
2624 3847 2672 3899 Ψ

388 3914 486 3963 278
521 3912 692 3977 πατρί
728 3911 846 3975 ἐμῷ
886 3908 1009 3977 (sed
1044 3927 1071 3965 c
1113 3917 1207 3966 140
1242 3913 1414 3979 πατρί
1450 3913 1502 3965 τ’
1538 3915 1698 3980 ἐμῷ).
1736 3914 1781 3966 Ω
1816 3919 1915 3967 335
1951 3913 2111 3980 ἀνδρί
2147 3911 2454 3980 ἑταιρίςςαι.
2503 3916 2537 3965 θ
2572 3918 2674 3967 524

388 3978 451 4031 ὃς
485 3993 548 4032 τε
585 3980 694 4044 ἑῆς.
744 3996 777 4030 ν
818 3984 913 4034 133
959 3979 1144 4045 πάγχυ
1188 3981 1329 4038 ἐπεὶ.
1375 3979 1567 4048 itaque
1614 3996 1786 4034 eausa
1828 3995 1939 4033 non
1974 3985 2086 4044 est,
2136 3995 2236 4034 cur
2280 3995 2407 4034 cum
2451 3978 2676 4048 Heynio

390 4043 487 4109 μία
523 4046 623 4098 aut
656 4047 719 4099 ἐν
754 4047 812 4100 δέ
847 4050 900 4099 τ’
934 4046 994 4101 ἴα
1039 4046 1359 4102 scribamus.
1406 4078 1472 4087 —
1516 4054 1617 4103 570
1651 4049 1933 4102 ἀθετεῖται
1977 4046 2436 4105 Aristonicus.
2473 4076 2540 4087 —
2576 4053 2677 4104 573

390 4113 480 4165 διὰ
514 4117 620 4166 τοῦ
656 4117 695 4166 ἃ
731 4107 1000 4181 πάρδαλις
1037 4116 1201 4181 εἶχον
1236 4116 1292 4170 αἱ
1330 4116 1663 4183 ἀριςτάρχου
1700 4114 1828 4169 Did
1887 4131 2045 4169 mus.
2079 4144 2144 4154 —-
2181 4121 2281 4170 575
2319 4115 2676 4183 Ἀρίςταρχός

388 4179 546 4233 τινάς
589 4196 723 4246 φηςι
763 4182 1004 4249 γράφειν
1062 4186 1437 4248 κυνυλαγμόν.
1482 4186 1641 4238 οὕτω
1684 4186 1776 4237 καί
1867 4185 2160 4253 ηνόδοτος.
2208 4186 2298 4237 καί
2343 4183 2677 4250 (τηςᾱορος

388 4248 451 4300 δὲ
486 4248 669 4301 ἔοικεν
704 4250 891 4304 οὕτως
927 4250 1028 4306 ἀνε
1067 4252 1334 4306 νωκέναι·
1375 4253 1510 4320 φης1
1544 4256 1689 4315 γοῦν
1723 4251 2059 4320 ἀπειρεςίοιο
2093 4254 2472 4317 κυνυλαγμοῑο
2507 4252 2678 4317 (ἀπει-

389 4313 575 4380 ρεςίου
610 4318 969 4381 κυνυλαγμοθ
1052 4321 1159 4372 unt.
1205 4324 1356 4385 1251,
1397 4321 1485 4386 61)
1520 4317 1707 4373 Schol.
1743 4317 1862 4373 BV.
1909 4349 1972 4359 —
2022 4325 2122 4374 576
2166 4319 2224 4374 αί
2268 4319 2384 4373 ἀπὸ
2419 4323 2541 4373 τῶν
2575 4321 2677 4373 πό·

389 4385 543 4437 λεων
578 4383 870 4449 φθάμενός
903 4401 989 4441 τις
1025 4384 1208 4443 Schol.
1244 4386 1313 4441 V.
