3144 5006
509 394 636 459 304
1431 395 1767 451 ΙΛΙΑΔΟ(
1812 397 1876 449 Λ.

679 551 905 634 δῄουν,
951 549 1093 615 οὐδ’
1137 549 1346 629 ἕτεροι
1387 549 1664 627 μνώοντ’
1705 547 1937 614 ὀλοοῖο
1982 550 2251 632 φόβοιο·

678 649 814 717 ἷςας
860 650 919 716 δ’
962 650 1182 731 ύςμίνη
1225 651 1510 732 κεφαλὰς
1556 650 1740 730 ἔχεν·
1789 651 1855 715 οἳ
1896 653 1970 717 δὲ
2014 650 2194 718 λύκοι
2237 651 2328 717 ὣς

678 756 898 820 θῦνον.
956 752 1124 831 Ἐρις
1166 753 1224 816 δ’
1266 750 1370 831 ἄρ’
1411 751 1627 832 ἔχαιρε
1671 753 2073 818 πολύστονος
2117 751 2496 832 εἰςορόωςα·

679 852 783 935 οἴη
827 853 951 934 γάρ
998 852 1080 934 ῥα
1122 856 1293 918 θεῶν
1337 852 1783 933 παρετύγχανε
1828 855 2337 937 μαρναμένοιςιν,
2380 873 2389 878 ·

554 960 632 1019 75
681 954 744 1019 οἱ
786 955 844 1019 δ’
887 955 1075 1020 ἄλλοι
1118 954 1198 1019 οὔ
1243 974 1394 1036 ςφιν
1438 954 1941 1036 πάρεςαν«θεοί,
1986 957 2154 1023 ἀλλὰ
2198 957 2416 1037 ἕκηλοι

679 1058 927 1138 ςφοῖςιν
973 1056 1071 1121 ἐνὶ
1114 1055 1436 1135 μεγάροιςι
1479 1057 1843 1140 καθείατος,
1888 1058 1994 1138 ἦχι
2038 1058 2280 1144 ἑκάςτῳ

678 1159 942 1238 δώματα
982 1158 1145 1222 καλὰ
1188 1158 1449 1224 τέτυκτο
1492 1160 1655 1224 κατὰ
1696 1160 1941 1239 πτύχας
1985 1160 2378 1240 Οὐλύμποιο.

676 1259 913 1325 πάντες
959 1259 1018 1324 δ’
1059 1257 1376 1343 ᾐτιόωντο
1399 1262 1808 1343 ,κελαινεφέα
1854 1262 2205 1345 Κρονίωνα,

678 1360 891 1426 οὕνεκ’
932 1359 1060 1441 ἄρα
1103 1360 1419 1440 Τρώεςςιν
1464 1362 1771 1441 ἐβούλετο
1815 1367 2007 1429 κῦδος
2052 1362 2287 1444 ὀρέξαι.

550 1469 634 1526 80
676 1466 811 1529 τῶν
853 1464 970 1541 μὲν
1015 1462 1117 1542 ἄρ’
1161 1462 1282 1527 οὐκ
1324 1462 1572 1540 ἀλέγιζε
1618 1465 1854 1546 πατήρ·
1899 1466 1938 1531 ὃ
1980 1466 2053 1530 δὲ
2096 1463 2291 1547 νόςφι
2334 1466 2603 1531 λιαςθεὶς

674 1571 808 1630 τῶν
852 1565 1074 1631 ἄλλων
1118 1563 1444 1630 ἀπάνευθε
1489 1566 1786 1633 καθέζετο
1830 1566 2008 1632 κύδεϊ
2047 1566 2272 1649 γαίων,

677 1666 985 1746 εἰςορόων
1029 1666 1276 1746 Τρώων
1317 1687 1388 1732 τε
1431 1666 1629 1733 πόλιν
1672 1669 1774 1733 καὶ
1817 1672 1977 1749 νῆας
2021 1669 2291 1748 Ἀχαιῶν

581 1775 590 1786 '
676 1770 919 1848 χαλκοῦ
963 1788 1031 1833 τε
1078 1770 1418 1852 ςτεροπήν,
1463 1769 1787 1835 ὀλλύντάς
1829 1770 1885 1834 τ’
1928 1769 2326 1849 ὀλλυμένους
2369 1790 2458 1835 τε.

845 1870 1025 1951 ὄφρα
1068 1871 1194 1949 μὲν,
1226 1870 1360 1949 ἠὼς
1402 1869 1483 1948 ἦν
1528 1872 1631 1935 καὶ
1672 1870 1894 1937 ἀέξετο
1936 1871 2116 1950 ἱερὸν
2158 1869 2348 1955 ἦμαρ,

550 1979 630 2035 85
675 1973 890 2055 τόφρα
934 1972 1077 2053 μάλ’
1122 1973 1513 2054 ἀμφοτέρων
1561 1974 1728 2053 βέλε’
1769 1974 2039 2057 ἥπτετο,
2083 1976 2276 2038 πῖπτε
2320 1974 2391 2036 δὲ
2437 1973 2620 2039 λαός·

673 2073 834 2153 ἦμος
877 2075 950 2139 δὲ
993 2073 1311 2153 δρυτόμος
1340 2094 1476 2158 ἱπερ
1518 2072 1684 2153 ἀνὴρ
1729 2074 2086 2140 ὡπλίςςατο
2131 2078 2402 2139 δεῖπνον

677 2175 908 2255 οὔρεος
951 2174 1025 2240 ἐν
1071 2176 1391 2260 βήςςῃςιν,
1436 2175 1572 2240 ἐπεί
1615 2175 1671 2240 τ’
1713 2174 2091 2254 ἑκορέςςατο
2135 2179 2359 2256 χεῖρας

674 2275 934 2357 τάμνων
977 2276 1249 2354 δένδρεα
1293 2277 1531 2360 μακρά,
1575 2275 1735 2342 ἅδος
1777 2277 1847 2342 τέ
1893 2298 1996 2357 μιν
2037 2276 2212 2342 ἵκετο
2254 2276 2476 2360 θυμόν,

677 2377 849 2444 ςίτου
893 2397 962 2443 τε
1004 2380 1347 2456 γλυκεροῖο
1390 2379 1536 2458 περὶ
1582 2378 1827 2459 φρένας
1867 2378 2089 2459 ἵμερος
2131 2378 2316 2462 αἱρεῖ,

549 2488 631 2545 90
672 2483 869 2560 τῆμος
916 2486 1044 2565 ςφῇ
1090 2479 1284 2564 ἀρετῇ
1329 2481 1586 2546 Δαναοὶ
1631 2479 1905 2560 ῥήξαντο
1951 2481 2289 2564 φάλαγγας

2632 2566 2657 2599 3

641 2665 708 2720 V.
746 2686 795 2720 τ..
850 2673 907 2721 71
949 2668 1147 2735 δηῖουν
1183 2664 1338 2720 CDL.
1373 2668 1537 2734 δήϊον
1572 2667 1627 2721 οἱ
1662 2668 1713 2721 δ’
1748 2668 1930 2735 ἕτεροι
1967 2666 2149 2721 Schol.
2185 2670 2233 2722 Τ
2266 2673 2383 2720 222.
2418 2668 2707 2734 οὐδέτεροι
2732 2665 2790 2720 L.

505 2799 566 2809 --
609 2775 672 2822 ‘12
718 2768 916 2837 ῡεμενῃ
964 2766 1210 2822 Acmon
1258 2767 1411 2821 Euat.
1453 2773 1570 2834 847,
1617 2774 1712 2834 533
1768 2774 1916 2836 1181,
1963 2776 2045 2823 42.
2103 2771 2234 2837 ἔχον
2278 2767 2484 2822 cont..
2538 2752 2695 2836 εῑχὲὅ
2736 2768 2790 2826 s,

506 2873 558 2925 εῑ
597 2887 664 2925 ον
684 2870 837 2926 Euat.
863 2875 980 2937 832,
1016 2876 1074 2934 4;
1111 2875 1229 2935 847,
1267 2876 1349 2927 54.
1387 2869 1442 2924 οἳ
1475 2872 1537 2924 δὲ
1562 2869 1620 2924 C.
1663 2872 1742 2925 ώε
1767 2873 1831 2924 A.
1873 2901 1932 2910 -
1972 2875 2037 2923 73
2072 2870 2142 2936 ἂρ
2166 2869 2227 2923 Ε.
2263 2871 2299 2924 ἂ
2339 2850 2373 2886 ⁰¹
2398 2872 2463 2923 A.
2499 2873 2605 2938 ἄρα
2630 2877 2723 2938 χαι
2762 2888 2789 2926 ε

505 2889 608 2993 Οὔ.
651 2939 996 3005 είςορόωντα
1021 2937 1190 2991 Mose.
1218 2948 1264 2991 3.
1304 2969 1365 2977 —
1405 2944 1467 3016 ⁷5¹
1503 2942 1577 3003 γά
1648 2940 1717 3005 ῥὰ
1742 2938 1799 2991 L.
1837 2939 2266 3006 παρετύγχανεν
2302 2889 2368 2995 f)
2406 2967 2475 2979 —-
2511 2945 2575 2993 75
2601 2955 2693 3005 ςφι
2774 2980 2788 2994 .

507 3039 566 3047 -
606 3013 671 3061 76
709 3012 924 3073 ςφοίςιν
959 3005 1158 3059 ACDH
1195 3005 1345 3059 Harl.
1383 3005 1529 3074 [αρε.
1566 2956 1734 3060 fiosc.
1770 3015 1817 3059 3.
1854 3009 1916 3061 ἐν
1951 3010 2168 3072 ςφοῑςιν
2205 3009 2461 3073 μεγάροις
2507 3007 2789 3075 ἐκάθηντο

503 3075 565 3129 Ε.
600 3076 741 3131 οἶςιν
778 3073 926 3128 GLS.
974 3092 1059 3142 γρ.
1107 3074 1247 3128 οῐςιν
1283 3076 1347 3127 Α.
1392 3076 1473 3128 ἐνι
1509 3073 1626 3127 AD.
1671 3077 1923 3141 καθήατο
1958 3073 2011 3126 S.
2054 3074 2167 3139 ἧιχι
2200 3073 2317 3128 AD.
2355 3076 2489 3128 ἔνθα
2524 3073 2585 3127 Ε.
2622 3104 2686 3113 -
2724 3080 2788 3128 77

503 3160 648 3197 κατα
683 3145 748 3196 Α.
785 3143 928 3196 κατὰ
963 3141 1153 3207 ςτίχας
1188 3139 1257 3196 D.
1293 3143 1570 3206 ὀλύμποιο
1608 3140 1674 3194 G.
1722 3172 1786 3181 —
1823 3148 1889 3196 79
1922 3143 2191 3209 τρῲεςςιν
2228 3140 2286 3195 L.
2322 3173 2388 3182 —
2424 3148 2490 3196 80
2524 3143 2594 3209 ἂρ
2631 3140 2787 3196 CGL.

503 3212 573 3278 ἁρ
610 3211 676 3262 Α.
711 3212 782 3276 ἄρ
819 3209 884 3262 D.
929 3210 962 3263 δ
997 3211 1059 3264 δὲ
1095 3208 1155 3265 C.
1200 3239 1263 3247 —-
1309 3214 1371 3262 81
1411 3209 1686 3264 ἀπάνευθ’
1731 3211 2024 3284 ἐκαθέζετο
2059 3208 2128 3262 11.
2178 3240 2240 3248 —-
2284 3215 2350 3263 82
2385 3212 2594 3277 τρῴων
2628 3207 2687 3261 L.
2723 3226 2787 3264 τε

504 3312 687 3365 omitt.
723 3308 789 3363 G.
828 3340 892 3349 --
929 3317 996 3364 83
1019 3314 1073 3364 τ’
1095 3312 1414 3378 ἀςτεροπὴν
1440 3308 1497 3363 L.
1534 3311 1777 3365 ὀλύντας
1801 3312 1854 3364 τ’
1881 3312 2190 3377 ὀλυμένους
2214 3327 2279 3364 τε
2304 3309 2371 3363 D.
2409 3292 2708 3368 ὀλλύντόῗςν
2736 3314 2788 3364 τ’

504 3392 853 3479 ὀλλυμένὲθέ
887 3429 950 3467 τε
989 3410 1044 3468 S.
1079 3442 1145 3451 —
1182 3418 1247 3466 85
1284 3412 1458 3466 πῖπτε
1495 3411 1854 3467 ACDEGHL.
1892 3414 1952 3466 δε
1974 3402 2057 3468 Ἰ).
2104 3443 2166 3452 -
2214 3417 2280 3466 86
2315 3413 2602 3467 ὡπλίςατο
2637 3412 2787 3466 DEG

503 3479 688 3603 ²:³1³&ss-
708 3478 1528 3617 ιῖβῇῖκᾱῑπῖιηὲῖἓέξέῑὲ
1557 3480 2372 3617 ἕξεξ..’ῖῑιῖ1ι,ξιι“ὲήέἱῑῖε·
2398 3487 2453 3601 {a
2481 3480 2788 3602 mm·

503 3616 716 3676 Townl.
754 3619 877 3673 ἐπεί
911 3618 966 3682 γ’
1001 3615 1060 3671 Ε.
1109 3632 1172 3669 τε
1218 3619 1517 3682 κορέςςατο
1561 3615 1622 3668 L.
1674 3649 1729 3656 -
1780 3622 1847 3670 88
1883 3618 2014 3670 άδος
2051 3618 2129 3668 A:
2165 3616 2338 3669 ceteri
2384 3618 2535 3671 ἅδος.
2593 3619 2658 3670 τέ
2695 3634 2787 3682 μιν
2904 3670 2921 3683 ,

505 3687 692 3741 εἵλετο
734 3684 951 3740 Townl.
993 3687 1155 3750 θυμῶ
1201 3683 1258 3738 L.
1304 3713 1372 3722 —
1414 3690 1479 3738 89
1516 3684 1670 3739 ςίτου
1712 3687 1777 3739 τὲ
1821 3683 1984 3738 ACH.
2030 3701 2156 3752 περι
2202 3686 2266 3738 A.
2312 3714 2378 3724 -
2423 3691 2490 3738 90
2524 3685 2789 3751 φάλαγγα

503 3753 838 3808 Plutarchus
873 3753 944 3806 de
982 3752 1126 3804 And.
1165 3753 1313 3820 poet.
1350 3756 1399 3809 6.

639 3925 704 3978 A.
739 3942 788 3979 c.
847 3929 912 3977 72
948 3922 1136 3976 οὕτως
1172 3922 1497 3989 ἀρίςταρχος
1533 3923 1569 3988 ἡ
1608 3923 1804 3990 ύςμίνη
1828 3924 1930 3977 τὰς
1965 3922 2217 3988 κεφαλὰς
2253 3923 2371 3977 {cac
2406 3922 2561 3988 εἶχεν
2585 3920 2786 3989 Didy-

504 4009 660 4045 mus.
708 3993 869 4046 ἄλλοι
914 3991 974 4044 δὲ
1018 3992 1137 4044 {cac
1182 3992 1232 4043 δ’
1276 3990 1475 4058 ύςμίνῃ
1523 3991 1773 4056 κεφαλάς
1820 3993 1950 4056 ἔχον
1995 3989 2178 4044 Schol.
2218 3993 2280 4042 A.
2327 4025 2393 4035 -
2439 3996 2504 4043 75
2539 3990 2789 4057 πάρεςαν

504 4059 869 4117 Herodianus,
922 4088 978 4097 —-
1029 4064 1093 4111 76
1129 4052 1450 4125 άρίΕταρχος
1498 4062 1669 4125 χωρὶς
1703 4063 1807 4112 τοῦ
1842 4060 1863 4112 ῑ
1899 4060 1967 4112 τὸ
2006 4059 2097 4125 ἧχι
2133 4057 2487 4125 Didymus,
2536 4057 2678 4111 conf.
2715 4058 2784 4110 ad

506 4131 547 4181 Α
585 4133 700 4182 607.
738 4158 799 4166 ——
839 4131 1042 4181 78—83
1086 4126 1422 4180 ἀθετοῦνται
1458 4126 1906 4180 Ατίειοτιίοιιε.
1959 4127 2198 4180 τούτους
2244 4129 2333 4179 καὶ
2382 4126 2788 4193 Ἀριςτοφάνης

504 4196 718 4310 Φθέτει,
757 4196 909 4263 παρὰ
944 4195 1005 4247 δὲ
1040 4194 1347 4261 Ζηνοδότῳ
1393 4195 1527 4248 οὐδὲ
1570 4194 1892 4261 ἐγράφοντο
1928 4193 2053 4246 Did
2113 4209 2269 4245 mus.
2319 4224 2375 4233 —-
2424 4198 2491 4246 86
2525 4196 2784 4251 δεῖπνονε

506 4260 819 4315 '.enodotus
854 4262 1085 4328 δόρπον.
1123 4292 1186 4300 -
1223 4267 1290 4315 88
1324 4262 1458 4315 ἅδος
1498 4260 1849 4315 Herodianus
1884 4278 2011 4313 cum
2098 4260 2392 4325 tiebat-che,
2437 4262 2581 4314 conf.
2619 4259 2686 4314 H.
2723 4259 2787 4315 Τ.

509 4333 619 4380 179.
657 4328 819 4394 μάκρ’
855 4330 1018 4382 ᾰδδος
1056 4328 1254 4382 christ.
1291 4329 1499 4396 griech.
1536 4328 1834 4382 Lautlehre
1868 4345 1965 4397 pg.
2000 4334 2114 4382 265.
