3144 5006
491 382 612 446 154
1419 385 1750 440 ΙΛΙΑΔΟ(
1795 385 1848 439 Ε.

651 534 1007 615 ἐντέταται,
1052 537 1220 602 δοιαὶ
1263 538 1334 602 δὲ
1379 538 1755 618 περίδρομοι
1799 537 2070 615 ἄντυγές
2113 537 2240 604 εἰςι.

649 642 767 702 τοῦ
814 638 881 703 δ’
924 638 990 705 ἐξ
1035 638 1349 717 ἀργύρεος
1393 638 1591 718 ῥυμὸς
1637 640 1858 705 πέλεν·
1903 639 2106 719 αὐτὰρ
2151 640 2265 705 ἐπ’
2309 639 2485 727 ἄκρῳ

484 745 608 803 730
651 741 799 816 δῆςε
844 740 1137 819 χρύςειον
1180 741 1379 805 καλὸν
1423 740 1655 824 Ζυγόν,
1700 742 1773 806 ἐν
1817 743 1888 806 δὲ
1935 743 2224 808 λέπαδνα

650 841 790 907 κάλ’
833 838 1053 924 ἔβαλε,
1098 841 1355 922 χρύςεΰ·
1398 841 1528 906 ὑπὸ
1571 844 1645 906 δὲ
1689 844 1887 919 ζυγὸν
1931 844 2170 923 ἤγαγεν
2214 845 2379 924 Ἥρη

647 942 890 1009 ἵππους
934 941 1303 1020 ὠκύποδας,
1346 944 1607 1022 μεμαυῖ’
1651 943 1864 1023 ἔριδος
1909 946 2009 1010 καὶ
2053 945 2263 1024 ἀυτῆς.

818 1043 1020 1123 αὐτὰρ
1064 1043 1387 1127 Ἀθηναίη,
1433 1045 1633 1125 κούρη
1678 1045 1843 1112 Διὸς
1887 1046 2236 1129 αἰγιόχοιο,

648 1147 902 1212 πέπλον
946 1147 1059 1225 μὲν
1103 1146 1442 1224 κατέχευεν
1489 1146 1686 1213 ἑανὸν
1730 1148 1974 1227 πατρὸς
2019 1148 2119 1213 ἐπ’
2164 1149 2376 1234 οὔδει,

482 1254 602 1314 735
649 1248 972 1320 ποικίλον,
1018 1247 1097 1313 ὅν
1144 1247 1201 1327 ῤ’
1245 1247 1402 1328 αὐτὴ
1448 1250 1760 1329 ποιήςατο
1804 1251 1905 1314 καὶ
1948 1251 2105 1330 κάμε
2150 1251 2391 1329 χερςίν·

645 1351 685 1428 ἢ
731 1351 804 1415 δὲ
846 1349 1064 1428 χιτῶν’
1107 1349 1339 1415 ἑνδῦςα
1379 1351 1544 1416 Διὸς
1588 1353 2103 1432 νεφεληγερέταο

641 1452 928 1531 τεύχεςιν
973 1451 1040 1517 ἐς
1084 1451 1374 1530 πόλεμον
1419 1454 1777 1532 θωρήςςετο
1823 1453 2232 1532 δακρυόεντα.

647 1553 808 1634 ἀμφὶ
850 1553 908 1618 δ’
951 1552 1052 1632 ἄρ’
1096 1552 1357 1631 ὤμοιςιν
1405 1554 1616 1634 βάλετ’
1660 1554 1870 1630 αἰγίδα
1914 1556 2402 1631 θυςςανόεςςαν,

645 1657 894 1735 δεινήν,
940 1656 1020 1733 ἣν
1064 1655 1209 1734 πέρι
1252 1656 1368 1735 μὲν
1412 1655 1624 1738 πάντῃ
1670 1655 1878 1738 φόβος
1924 1655 2388 1740 ἐστεφάνωται,

479 1763 602 1822 740
644 1758 715 1824 ἐν
761 1758 818 1823 δ’
859 1756 1019 1836 ἔρις,
1068 1756 1139 1821 ἐν
1185 1758 1242 1822 δ’
1286 1757 1482 1841 ἀλκή,
1528 1757 1599 1823 ἐν
1646 1760 1718 1823 δὲ
1761 1760 2065 1837 κρυόεςςα
2108 1759 2295 1842 ἰωκή,

644 1859 716 1925 ἐν
761 1859 833 1925 δέ
875 1879 945 1924 τε
992 1859 1251 1938 Γοργείη
1294 1861 1543 1939 κεφαλὴ
1593 1863 1838 1925 δεινοῖο
1884 1861 2217 1940 πελώρου,

644 1961 817 2040 δεινή
863 1980 931 2025 τε
977 1962 1248 2040 ςμερδνή
1292 1981 1388 2038 τε,
1434 1962 1601 2027 Διὸς
1643 1963 1831 2040 τέρας
1876 1962 2210 2042 αἰγιόχοιο.

643 2064 824 2142 κρατὶ
866 2062 922 2125 δ’
945 2061 1067 2127 ,ἐπ’
1113 2062 1494 2143 ἀμφίφαλον
1538 2064 1773 2141 κυνέην
1817 2063 1967 2128 θέτο
2010 2063 2532 2144 τετραφάληρον,

642 2162 970 2245 χρυςείην,
1017 2163 1247 2229 ἑκατὸν
1292 2164 1541 2228 πολίων
1585 2165 1915 2243 πρυλέεςς’
1958 2164 2291 2245 ἀραρυῖαν.

477 2271 596 2331 745
643 2265 710 2331 ἐς
754 2266 811 2329 δ’
854 2263 1015 2344 ὄχεα
1057 2264 1309 2345 φλόγεα
1353 2266 1503 2330 ποςὶ
1546 2265 1803 2345 βήςετο,
1850 2265 2078 2332 λάζετο
2125 2267 2181 2331 δ’
2224 2266 2417 2346 ἔγχος

644 2367 822 2446 βριθὺ
868 2366 1029 2445 μέγα
1073 2364 1402 2447 ςτιβαρόν,
1448 2370 1542 2449 τῷ
1590 2366 1853 2446 δάμνηςι
1898 2368 2107 2447 ςτίχας
2152 2367 2412 2447 ἀνδρῶν

639 2468 911 2551 ἡρώων,
953 2467 1153 2533 τοῖςίν
1197 2487 1268 2533 τε
1311 2468 1669 2535 κοτέςςεται
1713 2467 2170 2550 ὀβριμοπάτρη.

475 2599 782 2607 ———--——

606 2653 674 2707 V.
713 2674 762 2708 ι..
815 2658 915 2707 728
950 2652 1051 2708 είςι
1087 2653 1197 2708 AC.
1233 2655 1473 2721 ἄντυγες
1509 2654 1611 2709 eid
1647 2653 2162 2723 DGHL(eic1v)MO.
2206 2656 2445 2720 ἄντυγες
2482 2657 2656 2725 ἀμφίς
2692 2658 2759 2711 N.

469 2752 538 2763 -
573 2727 673 2777 729
708 2722 1043 2842 ἐξαργύέεος
1080 2720 1145 2780 D.
1186 2722 1371 2844 ἀκρῧε
1409 2723 1567 2778 αὐτῶ
1604 2720 1671 2782 D.
1710 2753 1775 2762 —
1813 2729 1912 2779 730
1946 2726 2111 2792 ὸῆςεν
2146 2721 2213 2781 D.
2251 2752 2318 2763 —
2354 2729 2449 2779 731
2489 2726 2653 2780 κάλλ’
2684 2726 2758 2780 Μ.

471 2793 625 2846 καδδ’
669 2791 870 2856 ἔβαλεν
970 2830 982 2843 .
1034 2791 1257 2858 χρύςεια
1354 2833 1366 2846 .
1420 2791 1624 2859 χρύςεα
1660 2790 1725 2846 Ο.
1776 2794 2014 2859 ἤγαγενε
2053 2793 2256 2858 ἔβαλεν
2290 2789 2364 2845 Μ.
2417 2809 2502 2860 γρ.
2548 2796 2759 2861 ἤραρεν

471 2859 628 2913 Vrat.
661 2858 717 2912 b.
751 2859 810 2911 in
845 2873 1023 2926 marg.
1062 2887 1129 2897 —-
1166 2864 1265 2913 734
1301 2860 1475 2914 ἑανὸν
1510 2857 1580 2914 Ν.
1620 2860 1839 2915 ἐπούδα
1860 2859 1934 2914 Μ.
1970 2890 2034 2899 -
2071 2864 2170 2914 735
2205 2861 2356 2927 χερςί
2380 2857 2455 2913 Μ.
2495 2891 2560 2900 -
2597 2867 2696 2915 736
2721 2864 2756 2928 ἣ

468 2929 530 2982 δὲ
566 2926 676 2982 CD.
731 2927 1185 2994 νεφεληγερέταο
1220 2929 1284 2980 A.
1321 2957 1388 2967 —-
1423 2933 1521 2982 737
1568 2926 1649 2983 εἰς
1690 2926 1751 2982 Ε.
1807 2929 2097 2996 θωρήςετο
2135 2925 2199 2981 G.
2236 2961 2302 2971 —
2338 2933 2437 2982 738
2473 2929 2543 2996 ἂρ
2590 2927 2754 2983 GLN.

469 3049 540 3114 ἀρ
556 3049 621 3104 A.
648 3047 718 3114 ἀρ
738 3044 802 3099 D.
833 2999 1025 3110 ὠπι
1043 3043 1317 3099 DEGMO.
1345 3046 1549 3112 βάλετ’τ
1574 3046 1743 3114 βάλεν
1763 3044 1825 3104 Ο.
1851 3046 1972 3112 βάλ’
1991 3044 2138 3114 Lips.
2164 3043 2372 3109 αἰγίδας
2398 3046 2601 3102 ἀςπίδα
2619 3046 2758 3106 Mor.

469 3150 530 3202 et
571 3147 796 3201 Barocc.
843 3146 900 3200 in
947 3162 1070 3200 mar
1112 3187 1125 3200 .
1180 3148 1552 3202 θυςανόεεςαν
1597 3145 1641 3199 Ε
1687 3150 1812 3210 600,
1860 3153 1925 3201 25
1968 3145 2034 3200 Li
2077 3163 2117 3200 ε.
2171 3124 2547 3202 θυὲανόεςςαν
2592 3151 2654 3207 A,
2692 3179 2757 3188 —

469 3221 567 3270 739
605 3217 733 3283 περὶ
769 3213 1035 3269 CDEMN.
1110 3216 1468 3283 ςτεφάνωται
1501 3212 1757 3268 AEHLM
1800 3214 1954 3269 Harl.
2043 3215 2147 3269 rat.
2183 3230 2229 3269 ο.
2276 3217 2341 3269 A.
2387 3215 2555 3272 Mose.
2593 3222 2642 3270 2.
2679 3223 2755 3271 3.:

468 3318 836 3383 ἐςτεφάνωτο
872 3313 1123 3370 CDGNO
1158 3313 1308 3386 Lips.
1346 3296 1711 3384 ἑςτεφάνωτιὸ
1746 3314 1801 3370 S.
1837 3345 1902 3355 —
1940 3321 2039 3370 740
2076 3318 2138 3370 ἓν
2172 3318 2224 3370 δ’
2258 3317 2371 3383 ἔρις
2396 3317 2462 3369 A.
2497 3318 2558 3371 δὲ
2592 3318 2755 3385 κρυό-

468 3401 619 3440 ecca:
646 3386 696 3437 δ’
719 3384 1022 3451 ὸκρυόεςςα
1047 3382 1112 3437 G.
1138 3412 1204 3423 --
1229 3390 1330 3439 744
1353 3386 1586 3440 πόλεων
1610 3382 2056 3439 CDEGHLMNS
2080 3382 2262 3438 Sohol.
2287 3387 2339 3439 Δ
2363 3390 2478 3440 308.
2512 3383 2755 3453 Hesych.

466 3502 536 3569 ΙΙ,
572 3509 664 3556 40:
703 3502 924 3557 πολίων
959 3501 1025 3556 Ο.
1071 3462 1293 3558 πολίων
1327 3504 1390 3557 A.
1437 3521 1478 3558 π
1516 3505 1767 3582 ύλλέεςς’
1799 3501 1873 3560 Μ.
1908 3532 1974 3542 -
2012 3508 2110 3556 745
2147 3505 2305 3558 ποςςί
2343 3500 2408 3556 G.
2444 3504 2653 3569 βήςατο
2690 3503 2755 3557 Ο.

465 3602 531 3612 —-
569 3574 665 3626 746
699 3576 810 3639 τῷε
851 3571 898 3637 ᾧ
934 3569 996 3623 Ε.
1033 3571 1268 3640 δάμνηςι
1303 3570 1444 3626 CDE
1501 3569 1732 3625 Lumo:
1769 3570 2003 3639 δάμνῃει
2036 3569 2155 3624 ΑΗ.
2194 3600 2259 3612 -
2294 3577 2392 3627 747
2428 3577 2567 3626 τοῖςι
2604 3569 2753 3625 GNO

467 3639 615 3710 Lips.
656 3638 797 3693 οἷςιν
831 3653 897 3692 τε
933 3637 998 3736 Ιι.
1048 3644 1225 3695 τοῖςιν
1259 3640 1319 3693 δὲ
1352 3638 1421 3693 Η.
1477 3640 1538 3693 δὲ
1575 3637 1638 3698 O.
1694 3640 2076 3708 ὀβριμοπάτρη
2112 3640 2175 3693 A.
2232 3640 2657 3708 ὸμβριμοπάτρη
2694 3639 2753 3694 C.

600 3844 667 3900 A.
702 3861 749 3901 ο.
813 3847 929 3906 734,
963 3848 1062 3897 735
1107 3841 1371 3896 asterisci.
1422 3844 1491 3897 ού
1536 3844 1787 3897 δεόντως
1826 3843 1873 3896 Θ
1910 3846 2034 3907 385,
2081 3846 2197 3897 386.
2258 3843 2290 3896 ὁ
2334 3843 2395 3896 δέ
2428 3843 2754 3911 Ζηνόδοτος

465 3914 703 3969 τούτους
753 3912 855 3978 μὲν
899 3910 1112 3976 ἀθετεῖ,
1157 3910 1409 3967 ἐκείνους
1454 3913 1515 3965 δὲ
1567 3911 1895 3966 καταλείπει
1941 3908 2407 3975 Aristonicum
2464 3909 2564 3963 sed
2610 3911 2753 3963 conf.
2794 3916 2809 3936 ‘

466 3981 797 4050 Didymum‚
834 3977 933 4046 qui
970 3979 1015 4033 Θ
1048 3983 1147 4033 385
1181 3977 1478 4033 adnotavit
1510 3980 1698 4046 ἠθέτει
1734 3980 1796 4034 δὲ
1831 3980 1923 4032 καὶ
1962 3979 2393 4055 Ἀριςτοφάνης,
2430 3977 2757 4046 Ζηνόδοτος

465 4051 528 4104 δὲ
563 4050 696 4103 οὐδὲ
720 4050 854 4115 ἔγρα
905 4063 986 4100 εν.
1023 4076 1090 4085 -
1128 4052 1226 4101 736
1261 4047 1296 4113 ἣ
1325 4048 1386 4101 δὲ
1411 4045 1765 4101 Herodianus
1789 4062 1918 4099 cum
1943 4045 2294 4100 Amtarohoz
2333 4044 2431 4099 alii
2456 4047 2572 4113 ηδε,
2606 4047 2754 4100 conf.

465 4116 707 4169 Ariston.
745 4115 817 4168 ad
940 4119 1053 4173 127.
1087 4144 1152 4153 —-
1190 4120 1288 4169 739
1325 4117 1450 4183 πέρι
1493 4114 1864 4168 Herodianum
1899 4143 1964 4153 —
2001 4119 2102 4167 744
2136 4115 2368 4169 πόλεων
2401 4112 2756 4168 Herodianus

467 4182 539 4236 ad
574 4186 625 4237 Δ
661 4188 778 4237 308.
814 4211 880 4221 -
916 4188 1015 4237 746
1050 4184 1285 4251 δάμνηςι
1320 4181 1484 4237 Dion.
1523 4181 1810 4237 Sidonius:
1858 4182 2092 4251 δάμνῃςι
2125 4180 2494 4236 Aristarchus,
2532 4211 2597 4222 —
2636 4187 2752 4246 746,

466 4254 576 4368 ἒιιῖι
602 4248 681 4366 elle
713 4252 825 4371 τιέξ
861 4251 1183 4305 Ὀδύςςειαν
1225 4253 1285 4319 (α
1323 4257 1445 4316 100,
1488 4252 1603 4319 101)
1641 4251 2025 4317 μετάκεινται,
2060 4249 2255 4318 itaque
2290 4248 2569 4318 asterisci,
2604 4250 2753 4307 conf.

508 4330 537 4367 ο
580 4330 648 4368 ο.
686 4332 723 4369 α
829 4355 842 4370 .
