3144 5006
464 433 586 498 186
1386 432 1724 488 ΙΛΙΑΔΟ(
1784 433 1838 488 (ἶ.

628 587 718 652 ὣς
760 587 894 653 τότ’
938 589 1200 668 ἀριζήλη
1246 590 1436 667 φωνὴ
1481 587 1688 664 γένετ’
1732 588 2049 655 Αἰακίδαο.

629 691 695 754 οἳ
738 691 795 753 δ’
841 692 932 757 ὡς
977 690 1095 756 οὖν
1142 690 1289 756 ἄιον
1336 689 1468 756 ὄπα
1512 692 1789 770 χάλκεον
1836 691 2167 774 Αἰακίδαο,

629 796 817 857 πᾶςιν
862 792 1085 873 ὀρίνθη
1132 793 1356 872 θυμός·
1405 794 1565 872 ἀτὰρ
1611 793 2002 873 καλλίτριχες
2043 792 2233 859 ἵπποι

628 895 722 974 ἂψ
771 893 929 973 ὄχεα
973 895 1287 974 τρόπεον·
1337 893 1607 960 ὄςςοντο
1653 896 1776 975 γὰρ
1823 895 2024 972 ἄλγεα
2068 902 2263 979 θυμῷ.

459 1001 580 1058 225
627 997 877 1076 ἡνίοχοι
923 999 978 1061 δ’
1022 996 1372 1076 ἔκπληγεν,
1421 998 1557 1062 ἐπεὶ
1599 997 1747 1063 ἴδον
1793 997 2118 1076 ἀκάματον
2163 1000 2291 1074 πῦρ

625 1101 841 1164 δεινὸν
888 1098 1050 1178 ὑπὲρ
1093 1102 1376 1180 κεφαλῆς
1421 1101 1788 1180 μεγαθύμου
1830 1100 2211 1178 Πηλεΐωνος

624 1202 1003 1281 δαιόμενον·
1047 1204 1122 1268 τὸ
1169 1202 1241 1267 δὲ
1285 1206 1425 1267 δαῖε
1470 1204 1586 1267 θεὰ
1631 1204 1993 1279 γλαυκῶπις
2040 1203 2282 1280 Ἀθήνη.

625 1305 759 1382 τρὶς
803 1305 917 1383 μὲν
964 1304 1126 1382 ὑπὲρ
1168 1304 1425 1384 τάφρου
1470 1305 1689 1385 μεγάλ’
1732 1304 1873 1382 ἴαχε
1919 1308 2054 1368 δῖος
2101 1304 2450 1381 Ἀχιλλεύς,

624 1406 755 1484 τρὶς
802 1407 871 1470 δὲ
918 1407 1272 1485 κυκήθηςαν
1319 1408 1536 1485 Τρῶες
1583 1407 1816 1471 κλειτοί
1859 1407 1915 1470 τ’
1961 1406 2306 1486 ἐπίκουροι.

464 1511 588 1569 230
633 1506 790 1572 ἔνθα
835 1509 905 1572 δὲ
950 1509 1051 1572 καὶ
1092 1509 1224 1573 τότ’
1270 1508 1512 1575 ὄλοντο
1559 1510 1851 1574 δυώδεκα
1895 1512 2110 1590 φῶτες
2155 1507 2395 1587 ἄριςτοι

624 1608 784 1690 ἀμφὶ
831 1613 1017 1690 ςφοῖς
1061 1609 1305 1689 ὀχέεςςι
1350 1605 1450 1676 κάὶ
1494 1612 1762 1689 ἔγχεςιν.
1852 1610 2054 1689 αὐτὰρ
2100 1611 2338 1688 Ἀχαιοὶ

625 1711 942 1778 ἀςπαςίως
983 1714 1370 1792 Πάτροκλον
1414 1712 1523 1776 ὑπ’
1568 1714 1638 1777 ἐκ
1683 1714 1924 1794 βελέων
1974 1713 2307 1791 ἐρύςαντες

623 1813 929 1880 κάτθεςαν
977 1816 1046 1879 ἐν
1093 1817 1396 1895 λεχέεςςι·
1441 1818 1621 1897 φίλοι
1667 1816 1723 1879 δ’
1767 1815 2095 1895 ἀμφέςταν
2140 1814 2380 1892 ἑταῖροι

623 1916 998 1996 μυρόμενοι·
1043 1919 1198 1996 μετὰ
1242 1918 1315 1982 δέ
1361 1940 1469 1999 ςφι
1513 1917 1817 1996 ποδώκης
1864 1916 2057 1982 εἵπετ’
2101 1916 2423 1995 Ἀχιλλεὺς

455 2021 579 2079 235
623 2019 865 2098 δάκρυα
910 2021 1109 2098 θερμὰ
1155 2021 1354 2101 χέων,
1400 2020 1535 2084 ἐπεὶ
1579 2018 1765 2083 εἴςιδε
1810 2019 2031 2083 πιςτόν
2078 2017 2332 2095 ἑταῖρον

622 2119 914 2199 κείμενον
959 2122 1030 2186 ἐν
1076 2123 1337 2204 φέρτρῳ
1384 2121 1800 2198 δεδαϊγμένον
1847 2120 1980 2185 ὀξέϊ
2023 2121 2256 2202 χαλκῷ.

622 2222 736 2286 τόν
784 2222 840 2301 ῥ’
882 2224 920 2301 ἦ
964 2245 1066 2288 τοι
1112 2226 1226 2304 μὲν
1273 2224 1514 2304 ἔπεμπε
1563 2225 1676 2288 ςὺν
1719 2221 2005 2287 ἵπποιςιν
2051 2224 2154 2285 καὶ
2198 2220 2464 2298 ὄχεςφιν

630 2325 696 2389 ἐς
740 2326 1060 2408 πόλεμον,
1107 2326 1246 2390 οὐδ’
1290 2324 1464 2389 αὖτις
1510 2325 1769 2392 ἐδέξατο
1816 2325 2223 2401 νοςτήςαντα.

802 2427 1020 2505 ἠέλιον
1066 2428 1122 2491 δ’
1167 2427 1495 2508 ἀκάμαντα
1541 2433 1781 2509 βοῶπις
1826 2427 2057 2491 πότνια
2101 2428 2265 2505 Ἥρη

460 2532 584 2592 240
628 2529 883 2609 πέμψεν
929 2530 1028 2595 ἐπ’
1071 2529 1406 2595 Ὠκεανοῖο
1454 2530 1611 2609 ῥοὰς
1657 2529 1933 2594 ἀέκοντα
1976 2530 2249 2593 νέεςθαι·

625 2631 843 2708 ἠέλιος
887 2635 1003 2711 μὲν
1048 2633 1195 2717 ἔδυ,
1240 2634 1568 2697 παύςαντο
1617 2634 1688 2697 δὲ
1732 2634 1857 2695 δῖοι
1901 2632 2140 2710 Ἀχαιοὶ

627 2735 992 2813 φυλόπιδος
1038 2739 1344 2815 κρατερῆς
1389 2735 1492 2800 καὶ
1532 2733 1788 2815 ὁμοιίου
1832 2733 2164 2814 πολέμοιο.

799 2838 1017 2916 Τρῶες
1065 2839 1121 2901 δ’
1167 2835 1307 2903 αὖθ’
1351 2837 1668 2915 ἑτέρωθεν
1713 2837 1844 2901 ἀπὸ
1890 2837 2195 2914 κρατερῆς
2241 2832 2495 2912 ὑςμίνης

623 2941 1025 3019 χωρήςαντες
1072 2940 1301 3005 ἔλυςαν
1348 2939 1460 3021 ὑφ’
1503 2938 1767 3017 ἅρμαςιν
1814 2937 2021 3002 ὠκέας
2061 2936 2333 3016 ἵππους,

457 3046 580 3105 245
627 3042 693 3107 ἐς
738 3043 794 3106 δ’
839 3030 1083 3121 ἀγορὴν
1130 3040 1480 3125 ἀγέροντο,
1524 3042 1734 3119 πάρος
1779 3040 2053 3119 δόρποιο
2099 3040 2403 3120 μέδεςθαι.

587 3210 654 3263 V.
690 3229 742 3264 1..
815 3217 914 3265 222
950 3209 1130 3267 omitt.
1166 3209 1394 3263 Barocc.
1432 3208 1648 3263 Townl.
1684 3209 1738 3263 οἳ
1774 3211 1824 3263 δ’
1862 3207 1971 3266 GL.
2010 3209 2119 3262 οἵδ’
2155 3206 2266 3263 CH.
2312 3208 2414 3261 οὖν
2451 3204 2634 3257 omitt.
2678 3203 2740 3259 C.

452 3310 514 3319 —-
555 3285 654 3333 223
691 3281 872 3347 αὐτὰρ
905 3278 967 3335 Ε.
1005 3309 1066 3317 —-
1104 3284 1203 3332 225
1239 3275 1525 3345 ἔκπληγον
1562 3275 1653 3330 HS
1689 3277 1847 3331 Vrat.
1883 3279 1949 3330 A.
1991 3308 2046 3315 —
2097 3281 2196 3328 226
2232 3276 2375 3341 ὑπερ
2412 3273 2477 3326 A.
2525 3302 2590 3310 -
2637 3278 2741 3325 227

453 3348 520 3401 τό
558 3348 620 3400 δὲ
655 3349 775 3401 δαῖε
811 3346 904 3402 AC
941 3346 1099 3400 Vrat.
1140 3346 1176 3399 d
1222 3344 1411 3414 Frgm.
1446 3344 1618 3402 Mose.
1655 3346 1724 3398 τὸ
1759 3348 1810 3400 δ’
1851 3347 1999 3399 ἔδαιε
2037 3342 2205 3396 DEH.
2241 3343 2363 3397 τόδ’
2397 3343 2546 3396 ἔδαιε
2584 3338 2740 3394 GLS.

450 3417 555 3469 τὸν
591 3415 642 3468 δ’
676 3417 821 3469 ἔδαιε
860 3414 1007 3484 ΙᾹΡΒ.
1043 3445 1109 3453 --
1154 3419 1254 3467 228
1291 3415 1459 3482 ὑπὲρ;
1508 3415 1608 3468 ὑπ’
1643 3415 1703 3468 ἐκ
1738 3413 1801 3467 Ε.
1849 3414 1961 3467 ἀπὸ
1999 3410 2179 3465 Schol.
2216 3411 2255 3466 C
2293 3416 2372 3467 35.
2417 3409 2642 3474 ἀχῖλεύς
2681 3406 2742 3465 C.

452 3513 512 3522 -
554 3488 654 3536 229
690 3484 750 3536 δὲ
787 3485 963 3549 κυκήθ
1006 3499 1105 3538 ςαν
1143 3480 1284 3534 DEL
1322 3480 1441 3550 Syr.
1486 3482 1634 3550 Lips.
1673 3480 1831 3539 Cant.
1868 3480 2025 3534 Vrat.
2064 3480 2117 3533 d.
2155 3480 2221 3532 A.
2272 3478 2454 3535 Schol.
2492 3476 2531 3531 C
2568 3482 2651 3534 35.
2688 3477 2739 3529 δ’

450 3551 803 3618 ἑκυκήθηςαν
827 3502 1028 3606 ACGffi

453 3621 517 3673 ἐν
552 3621 709 3689 ἄλλῳ
757 3620 995 3685 ξιφέεςςι
1041 3617 1184 3686 (cod.
1221 3619 1452 3684 ξίφεςςι)
1489 3618 1556 3673 A.
1608 3620 1698 3672 καὶ
1741 3619 1953 3672 ἔντεςιν
1989 3615 2143 3672 Vrat.
2190 3614 2242 3667 d.
2289 3644 2351 3652 —
2398 3619 2497 3667 232
2541 3614 2640 3666 ὑπ’
2676 3613 2736 3666 ἐκ

451 3686 666 3741 EGHL.
712 3689 857 3742 ὑπὲκ
901 3687 1003 3741 AD
1052 3693 1098 3740 2.
1143 3703 1292 3740 man.
1338 3690 1482 3740 ὑπεκ
1529 3684 1621 3740 CD
1675 3693 1721 3740 1.
1769 3702 1916 3738 man.
1963 3714 2030 3723 —
2077 3689 2178 3737 233
2221 3685 2362 3748 ἀμφ’
2403 3683 2638 3735 ἔςταςαν
2671 3682 2735 3738 Α.

454 3756 815 3820 ἀμφέςταςαν
849 3755 998 3810 Flor.
1053 3756 1304 3820 ἀφέςταν
1339 3753 1404 3806 Li
1447 3771 1488 3807 e.
1543 3785 1600 3794 —
1661 3760 1761 3807 234
1809 3770 1946 3818 μετα
1981 3749 2097 3806 AD.
2148 3752 2369 3818 ἀχῖλεύς
2406 3749 2465 3806 C.
2520 3779 2582 3789 -
2637 3754 2737 3801 235

455 3824 621 3879 εἷςῑδε
659 3823 726 3878 Η.
766 3854 832 3863 -
870 3830 969 3878 236
1004 3824 1176 3890 φερὲτ
1218 3840 1265 3891 ῳ
1314 3820 1361 3874 G
1442 3822 1543 3877 lor.
1581 3821 1666 3878 Et.
1713 3820 1771 3873 M
1814 3862 1824 3872 .
1863 3827 1978 3885 790,
2015 3826 2096 3875 54.
2144 3848 2211 3858 —-
2255 3824 2353 3872 237
2388 3818 2606 3871 ἵπποιςι
2640 3813 2736 3868 DL

451 3891 603 3961 Lips.
640 3891 797 3946 Vra†.
835 3893 900 3950 A.
938 3893 1132 3958 όχεςφι
1253 3889 1403 3959 Lips.
1441 3920 1505 3929 -
1542 3896 1644 3943 238
1681 3889 1759 3943 εἰς
1864 3887 2019 3942 Vrat.
2059 3890 2123 3943 A.
2160 3888 2318 3941 αὖθϊς
2355 3884 2411 3938 C.
2447 3886 2648 3957 -ῥ239
2675 3885 2737 3937 ἑν

452 3961 608 4024 ἄλλῳ
647 3961 842 4027 ἠέλιον
880 3961 979 4025 μὲν
1016 3961 1211 4013 ἔπειτα
1247 3960 1318 4012 A.
1356 3988 1421 3997 —
1457 3963 1558 4011 240
1595 3961 1817 4024 πέμπεν
1840 3958 1905 4011 A.
1942 3955 2151 4012 Harlei.
2189 3986 2252 3994 —
2293 3960 2391 4007 242
2428 3956 2736 4019 πτολέμοιο

453 4026 654 4083 CDGH
692 4027 815 4096 Syr.
859 4027 1002 4081 Flor.
1047 4057 1113 4066 —-
1158 4033 1257 4081 243
1293 4032 1474 4094 τρῷες
1518 4025 1579 4078 L.
1625 4028 1677 4079 δ’
1722 4026 1791 4078 αὖ
1828 4023 1872 4077 Ε
1909 4023 2066 4077 Vrat.
2104 4025 2168 4081 A,
2214 4023 2327 4077 ἀπο
2363 4020 2431 4078 Η.
2480 4022 2543 4075 ἐν
2578 4022 2737 4088 ἄλλῳ

451 4098 541 4151 ἐπὶ
578 4099 820 4163 θρωςμῷ
860 4098 1073 4150 πεδιοιο
1108 4098 1171 4148 Α.
1213 4126 1271 4134 -
1310 4101 1410 4148 244
1446 4096 1765 4161 ὑφάρμαςϊν
1800 4093 1866 4146 Η.

1051 3549 1197 3606 Flor.
1237 3556 1419 3617 τρῷες
1444 3549 1504 3603 L.
1544 3552 1742 3617 κλητοί
1765 3548 1991 3605 Basooc,
2021 3579 2083 3586 —
2118 3554 2211 3602 231
2242 3548 2384 3613 ἀμφι
2407 3544 2474 3598 D.
2501 3545 2736 3608 ὁχέεςςι;

588 4250 654 4302 A.
692 4268 737 4302 c.
809 4255 908 4303 222
964 4250 1227 4315 χάλκεονε
1288 4250 1535 4316 χαλκέην
1588 4247 1917 4301 ZenodotuS.
1973 4275 2036 4283 —-
2089 4250 2206 4306 230,
2261 4249 2357 4298 231
2410 4244 2737 4310 Ζηνόδοτος

453 4318 656 4385 γράφει
704 4319 890 4384 „evea
932 4318 994 4371 δὲ
1041 4321 1232 4383 κοθροι
1269 4318 1477 4370 ὄλοντο
1522 4317 1780 4370 δυώδεκα
1825 4316 2036 4368 πάντες
2085 4315 2291 4379 ἄριςτοι
2338 4310 2479 4365 οἷςιν
2525 4312 2608 4365 ἑνὶ
2655 4314 2739 4375 βε-

455 4385 681 4437 λὲεςςι“
718 4384 1177 4441 Aristonicus,
1215 4414 1280 4423 —
1314 4390 1411 4437 231
1452 4385 1597 4449 ἀμφὶ
1634 4389 1793 4449 ςφοῑς
1829 4380 2011 4450 Apoll.
2048 4381 2119 4434 de
2155 4380 2317 4433 Pron.
2365 4385 2458 4433 142
2493 4380 2560 4431 A.
