3144 5006
1292 404 1631 461 ΙΛΙΑΔΟΕ
1675 403 1745 463 Π.
2229 396 2241 401 “
2573 404 2658 469 63

542 567 678 628 τῶν
719 561 795 627 δὲ
836 559 1241 651 Φιλοκτήτης·
1271 558 1502 640 ἦρχεν,
1544 560 1753 627 τόξων
1795 558 1870 624 εὖ
1913 557 2132 642 εἰδώς,

544 663 706 729 ἑπτὰ
748 670 918 753 νᾳῖιν
931 682 947 696 ·
990 662 1200 758 ἑρέτμι
1246 662 1312 728 δ’
1355 661 1427 727 ἐν
1470 661 1696 746 ἑκάςτη
1740 663 2144 742 πεντήκοντα

384 771 505 830 720
543 765 892 848 ἐμβέβαςαν
909 812 930 846 ,
973 765 1183 832 τ’όξων
1228 762 1301 829 εὖ
1346 763 1589 829 εἰδότες
1631 762 1736 844 ἶφι
1778 764 2096 844 μάχεςθαι.

543 868 699 933 ἀλλ’
732 854 783 931 ιὃ
825 867 941 946 μὲν
986 865 1061 933 ἐν
1105 866 1282 950 νήςῳ
1326 868 1496 931 κεῖτο
1541 865 1802 946 κρατέρ’
1846 864 2051 944 ἄλγεα
2093 863 2391 945 πάςχων,

541 970 776 1054 Λήμνῳ
820 968 895 1035 ἐν
939 969 1212 1053 ἠγαθέῃ,
1256 967 1360 1033 ὅθι
1404 988 1509 1048 μιν
1553 966 1746 1034 λίπον
1791 966 1922 1034 υἷες
1967 968 2241 1047 Ἀχαιῶν

544 1070 714 1136 ἕλκεϊ
757 1072 1143 1151 μοχθίζοντα
1186 1074 1363 1155 κακῷ
1403 1068 1828 1150 ὀλοόφρονος
1871 1070 2075 1150 ὕδρου
2090 1090 2106 1106 ·

542 1172 687 1238 ἔνθ’
729 1171 770 1236 ὅ
812 1192 889 1249 γε
930 1172 1094 1238 κεῖτ’
1137 1171 1384 1252 ἀχέων·
1427 1170 1593 1252 τάχα
1635 1172 1709 1236 δὲ
1751 1171 2082 1250 μνήςεςθαι
2125 1170 2402 1252 ἔμελλον

380 1279 497 1337 725
540 1274 812 1354 Ἀργεῖοι
855 1276 1035 1355 παρὰ
1076 1275 1260 1356 νηυςὶ
1300 1273 1705 1353 Φιλοκτήταο
1747 1273 2042 1340 ἄνοικτος.

542 1376 700 1442 οὐδὲ
742 1378 859 1457 μὲν
905 1374 1056 1442 οὐδ’
1100 1376 1168 1441 οἳ
1210 1375 1481 1456 ἄναρχοι
1522 1374 1708 1452 ἔςαν,
1753 1376 1997 1442 πόθεόν
2038 1395 2113 1452 γε
2158 1376 2273 1456 μὲν
2319 1374 2549 1455 ἀρχόν·

540 1478 707 1544 ἀλλὰ
751 1477 990 1543 Μέδων
1035 1477 1371 1561 κόςμηςεν,
1416 1478 1692 1556 Ὀιλῆος·
1714 1477 1911 1543 νόθος
1954 1476 2122 1561 υἱός,

536 1580 655 1645 τόν
701 1579 768 1660 ῥ’
812 1578 1026 1645 ἔτεκεν
1070 1578 1262 1659 Ῥήνη
1305 1578 1425 1646 ὑπ’
1471 1579 1669 1658 Ὀιλῆι
1711 1580 2147 1664 πτολιπόρθῳ.

460 1724 467 1731 -
711 1682 778 1746 οἳ
821 1682 889 1747 δ’
931 1680 1115 1762 εἶχον
1162 1680 1430 1763 Τρίκκην
1472 1682 1580 1747 καὶ
1621 1682 1882 1763 Ἰθώμην
1926 1681 2440 1762 κλωμακόεςςαν,

377 1788 498 1848 730
540 1782 608 1848 οἵ
647 1785 715 1849 τ’
758 1784 919 1864 ἔχον
959 1783 1300 1868 Οἰχαλίην,
1322 1784 1535 1850 ,πόλιν
1580 1783 1869 1865 Εὐρύτου
1913 1783 2284 1864 Οἰχαλιῆος,

538 1891 673 1952 τῶν
719 1883 841 1950 αὖθ
858 1886 874 1908 '
915 1885 1208 1966 ἡγείςθην
1254 1887 1630 1965 Ἀςκληπιρῦ
1675 1886 1795 1953 δύο
1839 1888 2029 1951 παῖδε
2043 1934 2057 1962 ,

540 1987 750 2067 ἰητῆρ’
793 1986 1049 2072 ἀγαθώ,
1091 1988 1521 2068 Ποδαλείριος
1563 1988 1679 2066 ἠδὲ
1724 1988 2015 2068 Μαχάων
2033 2006 2047 2021 ·

538 2091 675 2155 τοῖς
710 2086 792 2153 ’δὲ
832 2090 1176 2169 τριήκοντα
1218 2091 1549 2171 γλαφυραὶ
1590 2090 1732 2157 νέες
1777 2088 2182 2171 ἑςτιχόωντο.

708 2191 776 2256 οἳ
814 2191 889 2263 ,δ’
931 2191 1091 2271 ἔχον
1132 2190 1507 2277 Ὀρμένιον,
1551 2192 1618 2258 οἵ
1657 2213 1729 2258 τε
1773 2193 2015 2274 κρήνην
2057 2190 2432 2273 Ὑπέρειαν,

376 2297 493 2357 735
539 2292 604 2359 οἵ
643 2293 713 2358 τ’
753 2292 912 2374 ἔχον
956 2292 1279 2374 Ἀςτέριον
1323 2293 1624 2361 Τιτάνοιό
1665 2315 1735 2361 τε
1781 2295 1978 2361 λευκὰ
2021 2293 2298 2377 κάρηνα,

532 2398 668 2461 τῶν
710 2394 866 2475 ἦρχ’
908 2395 1317 2479 Εὐρύπυλος,
1364 2395 1720 2478 Εὐαίμονος
1762 2397 2006 2474 ἀγλαὸς
2048 2395 2217 2477 υἱός·

533 2503 627 2582 τῷ
673 2496 743 2563 δ’
783 2494 914 2579 ἅμα
953 2496 1422 2580 τεςςαράκοντα
1463 2500 1755 2579 μέλαιναι
1797 2502 1947 2579 νῆες
1989 2498 2249 2566 ἕποντο.

704 2601 772 2665 οἳ
815 2601 883 2666 δ’
925 2601 1259 2681 Ἀργιςςαν
1302 2601 1460 2682 ἔχον
1503 2604 1608 2667 καὶ
1652 2603 1986 2683 Γυρτώνην
2031 2601 2375 2686 ἐνέμοντο,

533 2703 779 2782 Ὄρθην
823 2703 1117 2794 Ἠλώνην
1159 2723 1231 2768 τε
1276 2704 1468 2770 πόλιν
1512 2705 1579 2769 τ’
1624 2704 2014 2770 Ὀλοοςςόνα
2058 2706 2323 2789 λευκήν,

412 2819 441 2823 -
450 2819 493 2824 ...-
540 2817 769 2824 ----.---

496 2853 569 2913 V.
605 2872 654 2907 τ..
706 2857 807 2908 718
839 2855 1026 2909 τῶνδε
1062 2855 1127 2912 G.
1172 2855 1310 2923 ἦρχε
1346 2853 1512 2910 CGH.
1556 2884 1624 2894 ·-
1668 2860 1763 2910 721
1802 2855 1835 2909 δ
1869 2854 1928 2908 L.
1965 2873 1998 2909 κ
2071 2857 2209 2923 τερᾶ
2244 2856 2309 2914 G.
2355 2886 2417 2897 -
2464 2863 2565 2911 724
2599 2859 2651 2911 δ’

360 2924 726 2991 ἀνςτήςεςθαι
760 2919 815 2974 Η
852 2924 911 2976 et
941 2937 1115 2992 supra
1149 2924 1462 2992 μνήςεςθαι.
1510 2953 1578 2963 —-
1621 2929 1720 2978 726
1754 2922 1810 2978 οῖ
1843 2871 2072 2983 (36Ηὲ1
2093 2940 2164 2989 γε
2199 2925 2301 2987 μὲν
2335 2940 2545 2979 omnes,
2579 2955 2648 2965 —-

361 2996 460 3046 728
495 2992 606 3045 τὸν
639 2991 694 3058 ῥ’
726 2987 789 3048 L.
824 3020 889 3030 —
927 2995 1025 3045 729
1059 2991 1114 3050 οἱ
1149 2990 1214 3044 A.
1258 2992 1459 3060 τρίκην
1495 2989 1654 3050 Cant.
1699 2993 2134 3058 κλωμακόεςςαν
2170 2989 2398 3045 CEHLS
2443 2990 2646 3046 Strabo

359 3058 452 3126 IX,
498 3064 628 3114 437:
674 3058 1076 3125 κλιμακόεςςαν
1120 3057 1171 3111 Α
1213 3057 1519 3113 Pausanias
1566 3057 1662 3127 IV,
1699 3067 1749 3126 9,
1786 3065 1836 3117 2.
1884 3057 1972 3119 Et.
2018 3057 2132 3128 ΜΒ.
2178 3064 2298 3126 470,
2335 3066 2384 3118 9.
2438 3065 2647 3128 κλημα-

357 3129 596 3183 κόεςςαν
633 3124 701 3180 G.
739 3155 805 3165 —
841 3132 938 3181 731
975 3131 1097 3181 τῶν
1131 3126 1204 3181 αὔ
1238 3125 1395 3186 Vrat.
1431 3126 1490 3182 b.
1536 3133 1659 3182 τῶν
1706 3129 1777 3182 αὖ
1819 3129 2171 3195 ἡγεμόνευον
2214 3129 2411 3183 παῖδες
2445 3128 2582 3184 ἀςκλ
2626 3161 2646 3170 -

356 3200 489 3251 πιοῠ
526 3193 597 3248 G.
633 3196 752 3248 δῠω
786 3191 857 3246 Η.
892 3197 1089 3250 παῖδες
1122 3194 1167 3248 L
1202 3195 1528 3249 Athenaeus
1562 3193 1716 3262 xlv,
1748 3201 1864 3250 632.
1902 3226 1969 3235 -
2015 3201 2113 3250 732
2152 3196 2346 3264 ἰητῆρε
2383 3198 2541 3251 καλὼ
2631 3237 2644 3250 .

353 3294 419 3305 —-
455 3269 564 3318 734
597 3262 652 3317 οἱ
688 3263 756 3316 A.
789 3263 1049 3330 ὁρμένιον
1084 3261 1143 3316 L.
1174 3265 1438 3332 ορμένιον
1463 3266 1527 3318 A.
1565 3266 1763 3332 κρίνην
1787 3262 1848 3317 L.
1883 3263 1975 3318 hic
2009 3280 2202 3318 versus
2238 3265 2296 3316 in
2321 3267 2371 3318 A
2394 3266 2524 3333 post
2546 3272 2646 3319 735

351 3331 667 3386 collocatus
701 3331 806 3388 eut.
841 3361 908 3370 —
945 3337 1043 3386 735
1078 3332 1135 3386 οἵ
1171 3333 1222 3385 δ’
1255 3333 1388 3399 ἔχον
1423 3330 1482 3386 L.
1509 3362 1574 3371 -—
1601 3338 1699 3387 737
1735 3333 2142 3400 τεςςεράκοντα
2177 3333 2242 3386 A.
2269 3364 2336 3372 —
2363 3339 2461 3388 738
2496 3335 2550 3388 οἱ
2581 3336 2644 3388 A.

349 3401 588 3468 ἅρτιςοιν
634 3397 677 3452 C
720 3397 947 3453 Bau-oce.
990 3397 1140 3468 Lips.
1178 3397 1335 3453 Vrat.
1380 3416 1429 3453 a.
1482 3399 1652 3454 Mose.
1698 3402 1958 3469 ἅργειςαν
1987 3399 2173 3459 AGH.
2228 3404 2338 3469 τὴν
2380 3404 2645 3469 ῥηθεῖςαν

349 3469 654 3537 Ἀρτιςςαν
688 3467 957 3535 εὕρηνται
992 3468 1195 3522 ςπάνιά
1230 3484 1358 3523 τινα
1392 3473 1515 3522 τῶν
1550 3469 1918 3536 ἀντιγράφων
1953 3471 2218 3537 Ἀργειαν
2261 3471 2466 3536 ἔχοντα
2507 3487 2644 3539 προ-

348 3536 763 3659 ἔὲοξυτόνως
815 3536 904 3589 διὰ
954 3536 1266 3603 διφθόγγου
1317 3534 1571 3594 Eustath.
1618 3543 1735 3601 333,
1783 3542 1859 3591 16.
1919 3539 2223 3606 Γυρτώνην
2282 3554 2348 3592 τε
2400 3540 2644 3624 νὲβμοντο

456 3606 533 3660 01.
570 3601 767 3672 Apoll.
806 3602 988 3660 Rhod.
1024 3608 1068 3671 Ι,
1102 3611 1183 3658 57.
1225 3634 1289 3644 -
1316 3610 1414 3660 739
1450 3605 1747 3661 ὸλοωςόνα
1772 3603 1837 3658 G.
1874 3606 2164 3661 ὁλοςςῶνα
2197 3604 2265 3659 Η.
2306 3606 2565 3661 ὀλοςωνα
2587 3606 2642 3661 S.

476 3741 549 3794 A.
586 3759 646 3794 c.
703 3742 804 3793 718
839 3737 1156 3794 zenodotus
1190 3743 1316 3794 τῶν
1348 3740 1528 3809 αῦ[θ’]
1579 3742 1893 3808 ἡγεμόνευε
1930 3742 2318 3810 Φιλοκτήτης,
2363 3745 2500 3808 ἄγος
2546 3743 2641 3796 ἀν·

422 3815 445 3827 *
497 3852 514 3868 ,
566 3838 645 3851 -
696 3812 829 3876 724,
868 3812 967 3861 725
1009 3807 1057 3862 Ζ
1097 3810 1333 3863 νόδοτος
1379 3809 1657 3877 ἠθὲτηκεν
1699 3809 2150 3868 Aristonicus.
2204 3839 2270 3850 -
2323 3816 2422 3864 727
2465 3811 2639 3865 ἀλλάε

383 3878 671 3933 enodetus
693 3877 834 3929 τοὺς
858 3877 938 3929 δέ.
979 3874 1074 3944 „vi
1116 3877 1244 3930 etur
1278 3876 1453 3946 igitur
1475 3876 1794 3932 Zenodotus
1817 3878 1991 3933 etiam
2016 3883 2130 3932 726.
2158 3877 2424 3932 eiecisse“
2450 3876 2641 3931 Fried-

343 3946 592 4001 laender.
634 3943 886 4001 Ariston.
922 3960 1017 4012 pg.
1053 3949 1139 3997 77.
1174 3974 1237 3982 -
1265 3951 1355 3999 731
1400 3944 1546 4004 conf.
1585 3944 1767 4002 Schol.
1805 3947 1863 4001 Μ
1899 3951 2018 3999 208.
2043 3975 2112 3985 -
2136 3951 2237 4000 733
2273 3947 2461 4000 οὕτως
2498 3948 2640 3999 κατὰ

341 4017 576 4084 δοτικὴν
612 4016 842 4066 πτῶςιν
866 4016 988 4065 τοῖς
1023 4013 1085 4066 δὲ
1117 4011 1448 4081 ἀρίςταρχος
1472 4013 1552 4067 ὡς
1579 4015 1871 4081 πρόκειται
1894 4012 2256 4080 Didymus,
2284 4013 2430 4066 conf.
2458 4014 2498 4067 Β
2523 4019 2638 4072 516.

340 4088 523 4138 -739
550 4082 809 4150 Ὄρθηντ
846 4081 1032 4134 οὕτως
1056 4080 1135 4134 ὡς
1172 4081 1540 4150 ςπάρτην,ἴν’
1576 4084 1610 4149 ᾖ
1644 4082 1788 4136 ἴδιον
1813 4080 2260 4134 Herodianus,
2299 4081 2335 4146 ἡ
2373 4084 2435 4135 δὲ
2459 4082 2638 4149 Ὄρθη

341 4153 644 4220 βαρύνεται
695 4149 849 4204 κατὰ
893 4148 1030 4214 τοὺς
1073 4151 1347 4204 παλαιούς
1391 4147 1545 4203 Eunt.
1591 4155 1709 4215 333,
1745 4155 1826 4207 27.
1875 4148 2092 4202 fallitur
2135 4146 2319 4206 Schol.
2355 4149 2406 4201 A
2441 4151 2638 4217 ὀρθήν,

339 4221 523 4276 οὕτως
561 4218 887 4282 ὀξυτόνως,
924 4217 1255 4272 ἑπιθετικῶς
1287 4219 1397 4285 γὰρ
1429 4219 1713 4276 τέτακται.
1753 4218 1977 4284 Ἠλώνη
2013 4217 2075 4269 δὲ
2106 4221 2193 4284 τῷ
2231 4219 2333 4282 μὲν
2365 4220 2522 4288 τόνῳ
2559 4219 2636 4272 ὡς

339 4291 594 4357 κορώνη,
644 4287 799 4340 καθά
845 4301 1016 4353 φαςιν
1059 4284 1113 4339 οἱ
1157 4285 1386 4341 παλαιοί
1419 4285 1576 4340 Euat.
1612 4292 1730 4349 333.
1769 4292 1852 4340 30.
1901 4285 2239 4341 Ὀλοοςςόνα
2283 4291 2636 4354 προπαροξυ-

336 4360 517 4411 τόνως
555 4358 739 4424 φηςίν
777 4355 844 4406 ἐν
879 4357 954 4419 τῇ
991 4356 1236 4408 καθόλου
1273 4355 1662 4422 (Ἡρωδιανὸς)
1701 4352 1883 4412 Schol.
1919 4353 1985 4408 A.
