3144 5006
1290 358 1621 432 ἰΛιΑΔος
1669 358 1765 433 ΙΙῙ.
2533 342 2537 347 ’
2581 357 2663 440 83

554 526 838 613 ὤτρυνεν
883 532 954 596 δὲ
997 533 1274 611 γέροντα
1317 532 1780 612 παριςτάμενος
1825 529 2134 596 ἑπέεςςιν·

401 640 516 699 250
722 633 915 713 ὄρςεο
961 632 1508 713 Λαομεδοντιάδη,
1555 633 1891 698 καλέουςιν
1936 632 2175 711 ἄριςτοι

555 737 799 815 Τρώων
843 736 910 798 θ’
952 735 1341 815 ἱπποδάμων
1384 736 1488 799 καὶ
1531 736 1805 814 Ἀχαιῶν
1850 735 2347 814 χαλκοχιτώνων

551 837 617 902 ἑς
662 836 885 902 πεδίον
930 841 1309 919 καταβῆναι,
1352 836 1448 900 ἵν’
1491 836 1674 915 ὅρκια
1718 837 1904 901 πιςτὰ
1946 836 2213 916 τάμητε·

551 939 754 1018 αὐτὰρ
798 938 1216 1016 Ἀλέξανδρος
1261 938 1361 1001 καὶ
1404 936 1742 1017 ἀρηίφιλος
1790 939 2123 1003 Μενέλαος

553 1047 788 1124 μακρῇς
833 1040 1104 1123 ἐγχείῃςι
1145 1039 1501 1117 μαχήςοντ’
1545 1037 1708 1117 ἀμφὶ
1751 1041 2026 1116 γυναικί·

393 1148 508 1205 255
551 1146 641 1224 τῷ
686 1142 759 1206 δέ
803 1161 873 1205 κε
917 1141 1235 1218 νικήςαντι
1279 1141 1440 1219 γυνὴ
1488 1141 1589 1205 καὶ
1631 1141 1901 1220 κτήμαθ’
1944 1140 2199 1205 ἕποιτο“

551 1243 612 1307 οἱ
655 1242 724 1307 δ’
768 1242 956 1307 ἄλλοι
999 1242 1315 1323 φιλότητα
1352 1243 1461 1315 ,καὶ
1505 1240 1690 1320 ὅρκια
1733 1244 1917 1307 πιςτὰ
1967 1242 2276 1323 ταμόντες

551 1344 834 1423 ναίοιμεν
879 1343 1112 1422 Τροίην
1159 1343 1539 1423 ἐριβώλακα,
1584 1345 1688 1408 τοὶ
1731 1345 1804 1408 δὲ
1848 1343 2106 1408 νέονται

550 1448 784 1525 Ἀργος
828 1445 893 1509 ἐς
935 1443 1299 1525 ἱππόβοτον
1344 1445 1445 1508 καὶ
1486 1445 1770 1524 Ἀχαιίδα
1812 1446 2280 1521 καλλιγύναικα.

719 1548 807 1611 ὣς
852 1546 1057 1627 φάτο,
1103 1546 1354 1625 ῥίγηςεν
1400 1546 1468 1610 δ’
1511 1546 1549 1610 ὁ
1594 1547 1841 1630 γέρων,
1886 1546 2173 1612 ἑκέλευςε
2219 1548 2288 1611 δ’
2329 1546 2602 1626 ἑταίροις

390 1653 510 1712 260
548 1649 790 1713 ἵππους
834 1648 1284 1728 Ζευγνύμεναι·
1328 1649 1433 1712 τοὶ
1475 1647 1545 1712 δ’
1590 1647 1916 1727 ὀτραλέως
1959 1647 2278 1714 ἐπίθοντο.

553 1751 633 1816 ἂν
677 1751 745 1815 δ’
789 1749 901 1829 ἄρ’
947 1750 1059 1829 ἔβη
1103 1750 1423 1829 Πρίαμος,
1467 1750 1627 1814 κατὰ
1672 1751 1738 1813 δ’
1779 1749 1927 1827 ἡνία
1969 1753 2179 1833 τεῖνεν
2225 1749 2493 1814 ὀπίςςω·

550 1853 680 1931 πὰρ
725 1853 797 1916 δέ
842 1851 904 1915 οἱ
946 1850 1273 1931 Ἀντήνωρ
1316 1852 1700 1930 περικαλλέα
1745 1851 1969 1931 βήςετο
2015 1852 2273 1931 δίφρον.

550 1956 641 2018 τὼ
685 1955 758 2018 δὲ
801 1955 906 2019 διὰ
950 1952 1194 2018 (καιῶν
1238 1954 1464 2018 πεδίον
1510 1955 1578 2017 δ’
1621 1952 1778 2033 ἔχον
1824 1951 2027 2017 ὠκέας
2067 1953 2329 2018 ἵππους.

719 2055 872 2119 ἀλλ’
915 2054 1024 2119 ὅτε
1067 2056 1145 2135 δή
1193 2053 1258 2134 ῥ’
1299 2054 1522 2121 ἵκοντο
1569 2056 1726 2134 μετὰ
1769 2055 1995 2134 Τρῶας
2039 2057 2143 2120 καὶ
2184 2055 2508 2134 Ἀχαιούς,

384 2162 504 2220 265
548 2156 612 2223 ἐξ
650 2156 875 2221 ἵππων
919 2156 1284 2236 ἀποβάντες
1328 2156 1433 2221 ἐπὶ
1475 2156 1681 2235 χθόνα
1722 2157 2232 2237 πουλυβότειραν

552 2258 619 2323 ἐς
661 2258 889 2336 μέςςον
933 2257 1181 2335 Τρώων
1225 2258 1325 2321 καὶ
1370 2257 1642 2336 Ἀχαιῶν
1689 2257 2089 2337 ἐςτιχόωντο.

551 2359 806 2438 ὤρνυτο
850 2359 919 2422 δ’
962 2358 1170 2423 αὐτίκ’
1215 2358 1433 2423 ἔπειτα
1478 2358 1637 2424 ἄναξ
1682 2359 1940 2439 ἀνδρῶν
1985 2360 2427 2441 Ἀγαμέμνων,
2539 2396 2546 2403 -

551 2459 632 2525 ἂν
676 2460 744 2524 δ’
787 2460 1085 2526 Ὀδυςεὺς
1127 2460 1508 2541 πολύμητις·
1556 2459 1717 2541 ἀτὰρ
1747 2463 2027 2542 κήρυκες
2072 2461 2302 2539 ἀγαυοὶ

550 2561 734 2640 ὅρκια
775 2565 963 2628 πιςτὰ
1006 2567 1174 2628 θεῶν
1222 2563 1535 2646 ςύναγον,
1581 2566 1838 2643 κρητῆρι
1882 2565 1952 2628 δὲ
1997 2562 2187 2630 οἶνον

380 2669 507 2729 270
547 2663 803 2743 μίςγον,
848 2663 1032 2743 ἀτὰρ·
1058 2667 1411 2744 βαςιλεῦςιν
1457 2663 1634 2744 ὕδωρ
1679 2666 1785 2730 ἐπὶ
1828 2668 2042 2745 χεῖρας
2085 2664 2337 2745 ἔχευαν.

508 2815 581 2870 V.
622 2833 674 2868 1..
729 2820 829 2868 249
865 2817 1085 2884 ὤτρυνε
1121 2798 1284 2870 CDG'.
1330 2815 1569 2884 ὄτρυνεν
1605 2814 1762 2870 Vrat.
1800 2831 1849 2869 a.
1895 2818 2100 2884 ὄτρυνε
2134 2815 2223 2870 Et.
2257 2816 2373 2887 ΜΒ.
2418 2821 2518 2871 637
2530 2858 2543 2882 ‚
2582 2823 2665 2873 28.

372 2914 438 2923 -
473 2890 575 2938 251
614 2885 826 2952 τρῴων
864 2881 977 2942 GL.
1028 2885 1081 2938 θ’
1116 2884 1297 2937 omitt.
1331 2882 1392 2936 L.
1447 2886 1609 2952 ὅρκια
1643 2882 1692 2935 D
1755 2885 1813 2938 et
1855 2887 1993 2952 256).
2040 2884 2255 2951 τάμητε
2290 2882 2481 2938 ACGL
2516 2884 2665 2954 Lips.

374 2951 551 3005 Oxou.
593 2949 811 3004 Townl.
846 2949 1008 3005 Eton.
1043 2950 1216 3007 Mose.
1258 2960 1300 3005 1.
1338 2959 1385 3005 3.
1432 2966 1503 3006 ex
1548 2966 1687 3004 corr.
1776 2953 1880 3006 rat.
1917 2968 1974 3005 a:
2020 2951 2131 3018 τάμ
2175 2968 2229 3005 αι
2264 2949 2427 3010 DHS.
2465 2983 2530 2992 —
2567 2957 2667 3006 254

372 3026 609 3087 μακροῖς
649 3019 902 3138 effidem
939 3016 1001 3071 G.
1048 3023 1285 3086 μακρῇς’
1320 3019 1479 3073 Cant.
1525 3024 1868 3086 μαχήςονται
1904 3017 2095 3074 CDGL
2182 3019 2285 3088 ipa.
2321 3018 2478 3073 Vrat.
2517 3036 2562 3073 c.
2599 3050 2666 3060 —
2762 3085 2767 3089 ι

370 3094 467 3141 257
501 3088 668 3142 τοίδε
756 3126 769 3139 .
806 3087 1060 3140 νέονταιε
1097 3088 1345 3141 νεέςθων
1381 3085 1487 3140 GS.
1524 3117 1587 3127 —
1612 3093 1715 3142 258
1749 3089 1950 3155 ἀχαῑδα
1984 3085 2043 3142 L.
2068 3117 2134 3126 —-
2159 3094 2258 3142 259
2295 3087 2374 3141 ώς
2410 3090 2476 3146 A.
2513 3091 2665 3155 φάτο

369 3153 435 3208 D.
470 3156 527 3223 ῥί
612 3171 677 3210 ςε
712 3153 779 3207 G.
814 3155 1049 3222 ἑταίροις
1087 3153 1238 3208 CDH
1272 3153 1419 3224 LipS.
1456 3156 1515 3208 ετ
1583 3172 1665 3210 otc
1703 3157 1774 3209 A:
1814 3155 2070 3223 ἑταίρους
2107 3153 2255 3209 GLS.
2290 3185 2362 3196 —
2384 3161 2485 3210 260
2519 3157 2664 3210 ἐπεί-

368 3228 543 3278 Θοντο
645 3268 657 3279 .
701 3252 768 3263 -
811 3228 906 3276 261
956 3224 1025 3276 ἀν
1059 3220 1277 3277 ADGL.
1333 3225 1403 3289 ἂρ
1438 3221 1540 3275 AG
1643 3264 1654 3276 .
1708 3224 1778 3277 ἂν
1823 3225 1873 3276 δ’
1907 3224 2080 3292 ἀνέβη
2115 3222 2204 3278 Et.
2242 3222 2384 3277 Gud.
2423 3229 2545 3290 108,
2583 3230 2666 3279 40.

368 3309 510 3346 κατα
550 3289 672 3345 CD.
726 3318 794 3328 -
843 3294 941 3343 262
991 3306 1103 3356 παρ
1145 3292 1213 3343 A.
1270 3293 1470 3358 βήςετο
1514 3288 1652 3344 DLS
1699 3290 1856 3345 Cant.
1902 3290 2058 3346 Vrat.
2103 3290 2157 3344 b.
2201 3307 2248 3345 0.
2287 3295 2351 3346 A.
2407 3291 2578 3345 Mose.
2619 3300 2665 3346 1.

367 3373 576 3460 βήςῗτο
614 3392 696 3445 A:
738 3392 944 3460 βήςατο
981 3389 1139 3445 CEG.
1176 3394 1415 3459 βήςςατο
1450 3390 1517 3444 Η.
1555 3421 1623 3430 --
1656 3397 1757 3446 263
1793 3392 2007 3447 πεδίων
2044 3391 2227 3446 Schol.
2268 3395 2308 3448 Β
2345 3399 2427 3447 67.
2464 3424 2530 3434 -
2565 3400 2668 3449 264

364 3468 553 3530 τρῷας
592 3457 712 3513 GL.
752 3489 817 3498 —
852 3465 952 3526 266
990 3461 1157 3525 μέςον
1195 3459 1236 3514 C
1275 3466 1322 3513 1.
1361 3476 1507 3513 man.
1555 3462 1765 3529 τρῴων
1801 3458 1909 3514 GL.
1954 3491 2023 3500 —
2066 3466 2166 3515 268
2202 3461 2273 3515 ἀν
2311 3459 2471 3516 CDG.
2508 3463 2666 3516 ὀδυς-

367 3533 487 3584 ςεὺς
524 3526 713 3582 DGH.
764 3529 1094 3596 πολύμητης
1131 3526 1197 3581 D.
1244 3558 1307 3567 —
1350 3533 1451 3581 269
1488 3529 1650 3595 ὅρκια
1684 3526 1752 3581 D.
1803 3558 1863 3567 —
1911 3534 2011 3582 270
2049 3530 2266 3596 μίςγον,
2303 3546 2416 3583 non
2454 3536 2666 3596 μῑςγον,

365 3595 509 3650 libri.
547 3597 741 3663 ἀυτὰρ
786 3593 838 3647 H
883 3598 943 3649 et·
983 3597 1145 3650 οἶνον
1187 3612 1291 3666 pro
1326 3597 1496 3663 ὕδωρ.
1552 3598 1754 3663 ἔχευαν
1789 3594 1962 3649 DGL:
2014 3598 2213 3664 ἔχευον
2249 3596 2384 3651 CHS
2422 3596 2563 3652 Ven.
2599 3597 2664 3652 B.

366 3697 507 3767 LipS.
548 3671 777 3753 wanl.
816 3696 989 3752 Oxou.
1019 3695 1176 3751 Vrafi.
1214 3714 1259 3751 c.
1297 3681 1501 3765 ἔχευ8ν
1537 3698 1603 3756 Α.

494 3836 562 3888 A.
603 3853 655 3887 c.
712 3838 814 3886 257
854 3834 942 3886 ὅτι
979 3838 1084 3887 νῦν
1119 3834 1304 3899 ὀρθῶς
1342 3835 1404 3887 ἐν
1441 3839 1526 3901 τῷ
1562 3838 1668 3888 τοῦ
1707 3835 1968 3902 κήρυκοο
1994 3835 2149 3901 λόγῳ
2187 3836 2466 3902 γράφεται
2512 3835 2664 3901 ,,ναί·

363 3906 579 3968 οιμεν“,
631 3904 700 3957 ἐν
747 3902 810 3955 δὲ
856 3905 977 3955 τοῖς
1023 3902 1376 3969 ἐπάνω·(74)
1422 3903 1610 3956 οὐκέτι
1653 3901 2111 3956 Aristonicus.
2156 3931 2225 3942 —
2276 3908 2378 3956 259
2424 3903 2663 3970 ἑταίροις

364 3970 727 4025 Aristarchus
779 3984 911 4022 oum
963 3967 1264 4023 ZenodotO.
1333 3977 1401 4008 -·-
1459 3975 1560 4023 262
1608 3972 1833 4037 βήςετοε
1897 3970 2185 4037 προκρίνει
2247 3971 2347 4035 μὲν
2409 3972 2518 4037 τὴν
2576 3971 2664 4025 διὰ

362 4044 461 4093 τοῦ
500 4045 551 4093 ’ἔ
583 4055 752 4107 γραφ
794 4053 830 4088 ν
876 4037 1104 4104 βήςετο,
1151 4040 1304 4103 πλὴν
1347 4038 1415 4091 οὐ
1465 4039 1811 4105 μετατίθηςι,
1855 4037 2001 4092 ἀλλὰ
2035 4038 2124 4091 διὰ
2158 4041 2263 4090 τοῦ
2307 4044 2357 4090 δῖ
2390 4038 2593 4104 γράφει
2630 4040 2663 4092 ὁ

364 4107 730 4176 Ἀρίςταρχος
833 4102 1124 4171 idymus.
1176 4107 1209 4158 ὁ
1246 4105 1348 4170 μὲν
1385 4106 1740 4174 Ἀρίςταρχος
1785 4107 2018 4171 ἄμεινόν
2054 4121 2189 4172 φηςι
2223 4106 2292 4158 τὸ
2329 4106 2555 4171 βήςετο,
2592 4108 2660 4161 οὐ

364 4181 661 4240 μεταποιεῖ
696 4175 763 4228 δὲ
799 4174 915 4236 τὴν
950 4187 986 4236 γ
1021 4173 1178 4237 αφὴν
1213 4170 1394 4226 Cram.
1420 4177 1522 4227 An.
1546 4172 1672 4227 Par.
1707 4173 1806 4238 III,
1831 4178 1947 4237 282,
1977 4179 2056 4227 17.
2095 4172 2239 4227 conf.
2267 4171 2472 4230 Scholl.
2511 4175 2550 4228 Β
2577 4181 2659 4240 95,

362 4243 399 4295 Κ
436 4251 552 4308 513,
590 4245 645 4298 Ξ
681 4247 805 4298 229.
846 4238 915 4293 Η.
1004 4279 1017 4292 .
1051 4245 1164 4294 214.
1190 4270 1255 4281 -—
1285 4246 1388 4295 270
1423 4242 1653 4308 ἔχευανε
1690 4243 2018 4309 ἀρίςταρχος
2053 4242 2142 4296 διὰ
2176 4247 2281 4297 τοῦ
2321 4249 2368 4296 δ
2405 4244 2497 4297 καὶ
2532 4243 2663 4308 ἀνα-

361 4312 512 4380 λογεῖ
545 4314 619 4368 τὸ
661 4310 846 4382 (τῷῗ)
885 4305 1079 4375 μίςγον
1114 4306 1459 4378 Didymae.

2175 4412 2250 4471 0*
