3144 5006
1404 329 1731 385 ιΛιΑΔος
1781 330 1872 384 XI.
2364 381 2371 388 .
2476 316 2483 322 '
2658 331 2782 397 327

669 483 906 548 δεξιόν·
957 482 1224 561 ἐκλάςθη
1271 484 1342 548 δὲ
1387 483 1616 567 δόναξ,
1661 483 1929 563 ἐβάρυνε
1976 487 2046 551 δὲ
2091 486 2315 565 μηρόν.

498 590 621 648 585
668 584 762 663 ἂψ
807 584 863 647 δ’
907 584 1154 663 ἑτάρων
1198 585 1288 650 είς
1333 584 1524 649 ἔθνος
1568 585 1831 664 ἐχάζετο
1876 586 2013 665 κῆρ’
2058 586 2389 669 ἀλεείνων,

668 686 858 764 ἤυςεν
904 687 975 749 δὲ
1020 686 1393 765 διαπρύςιον
1436 687 1751 752 Δαναοῖςι
1794 689 2126 763 γεγωνώς·
2316 685 2347 763 ἶ,

766 841 773 847 .
835 786 889 849 ὦ
935 788 1148 871 φίλοι,
1192 779 1495 868 Ἀργείων
1538 787 1851 867 ἡγήτορες
1894 787 2007 864 ἠδὲ
2050 785 2373 873 μέδοντες,

667 889 834 968 ςτῆτ’
878 890 1308 968 ἐλελιχθέντες
1352 891 1453 954 καὶ
1499 889 1769 967 ἀμύνετε
1816 891 2037 968 νηλεὲς
2081 889 2246 970 ἦμαρ

665 989 900 1073 Αἴανθ’,
948 992 1021 1055 ὃς
1067 992 1339 1069 βελέεςςι
1387 991 1689 1070 βιάζεται·
1736 990 1893 1056 οὐδέ
1937 992 1968 1056 ἕ
2013 1013 2172 1073 φημι

497 1099 620 1155 590
663 1092 949 1170 φεύξεςθ’
995 1092 1063 1158 ἐκ
1106 1092 1419 1170 πολέμοιο
1467 1092 1791 1171 δυςηχέος.
1867 1093 2032 1157 ἀλλὰ
2076 1093 2220 1173 μάλ’
2263 1092 2462 1172 ἄντην

659 1193 890 1258 ἵςταςθ’
934 1192 1090 1273 ἀμφ’
1134 1192 1371 1259 Αἴαντα
1415 1194 1633 1274 μέγαν,
1680 1194 2094 1273 Τελαμώνιον
2138 1194 2296 1258 υἱόν.

831 1295 918 1361 ὣς
962 1293 1147 1376 ἔφατ’
1191 1293 1564 1374 Εὐρύπυλος
1611 1295 2025 1375 βεβλημένος·
2073 1297 2138 1360 οἳ
2181 1297 2253 1359 δὲ
2298 1297 2446 1375 παρ’
2490 1296 2690 1362 αὐτὸν

661 1396 911 1476 πληςίοι
956 1396 1254 1478 ἔςτηςαν,
1301 1397 1469 1461 ςάκε’
1512 1396 1737 1475 ὤμοιςι
1781 1396 2125 1480 κλίναντες,

661 1497 920 1577 δούρατ’
966 1498 1407 1577 ἀναςχόμενοι.
1485 1503 1617 1562 τῶν
1663 1498 1719 1561 δ’
1764 1496 1983 1564 ἀντίος
2026 1498 2260 1577 ἤλυθεν
2305 1496 2480 1581 Αἴας,

493 1603 614 1660 595
662 1602 770 1676 ςτῆ
817 1600 887 1663 δὲ
931 1600 1444 1682 μεταςτρεφθείς,
1491 1600 1630 1663 ἐπεὶ
1670 1600 1843 1664 ἵκετο
1888 1599 2078 1665 ἔθνος
2123 1599 2411 1678 ἑταίρων.

618 1756 630 1767 .
829 1700 919 1764 ὣς
965 1701 1030 1766 οἳ
1073 1691 1187 1778 μὲν
1232 1683 1557 1781 μάρναντο
1605 1701 1799 1779 δέμας
1845 1703 2052 1780 πυρὸς
2098 1699 2494 1780 αἰθομένοιο·

662 1801 943 1880 Νέςτορα
987 1802 1044 1865 δ’
1086 1801 1156 1866 ἐκ
1200 1802 1513 1881 πολέμοιο
1559 1802 1770 1883 φέρον
1819 1802 2084 1880 Νηλήιαι
2121 1802 2311 1866 ἵπποι

657 1900 946 1985 ἱδρῶςαι,
991 1901 1153 1980 ἦγον
1200 1903 1270 1966 δὲ
1318 1903 1670 1985 Μαχάονα,
1716 1903 1987 1980 ποιμένα
2031 1905 2231 1968 λαῶν.

654 2003 773 2066 τὸν
817 2004 888 2067 δὲ
933 2003 1089 2072 ἰδὼν
1133 2003 1357 2083 ἐνόηςε
1402 2004 1728 2083 ποδάρκης
1772 2008 1912 2071 δῖος
1958 2004 2309 2083 Ἀχιλλεύς·

490 2109 614 2166 600
657 2104 896 2182 ἑςτήκει
940 2108 1063 2184 γὰρ
1109 2106 1213 2170 ἐπὶ
1256 2113 1510 2189 πρυμνῇ
1554 2107 1891 2185 μεγακήτεϊ
1935 2106 2057 2187 νηί,

656 2204 964 2284 εἰςορόων
1008 2207 1218 2273 πόνον
1263 2207 1456 2272 αἰπὺν
1504 2208 1664 2272 ἰῶκά
1707 2229 1775 2272 τε
1821 2206 2264 2286 δακρυόεςςαν.

655 2304 822 2386 αἶψα
865 2309 921 2371 δ’
965 2307 1221 2386 ἑταῖρον
1267 2308 1379 2374 ἑὸν
1422 2309 1811 2387 Πατροκλῆα
1854 2309 2191 2388 προςέειπε

656 2409 1095 2488 φθεγξάμενος
1138 2411 1314 2488 παρὰ
1359 2409 1540 2488 νηός·
1588 2411 1625 2474 ὃ
1672 2412 1743 2474 δὲ
1789 2411 2098 2487 κλιςίηθεν
2143 2409 2418 2475 ἀκούςας

656 2510 923 2590 ἔκμολεν
969 2510 1108 2575 ἶςος
1149 2511 1362 2593 Ἄρηι,
1408 2516 1606 2576 κακοῦ
1652 2513 1708 2576 δ’
1752 2512 1877 2590 ἄρα
1922 2511 1982 2576 οἱ
2024 2513 2220 2577 πέλεν
2268 2512 2449 2593 ἀρχή.

485 2617 607 2675 605
653 2613 768 2677 τὸν
813 2612 1127 2692 πρότερος
1171 2613 1510 2690 προςέειπε
1557 2613 1904 2678 Μενοιτίου
1949 2612 2211 2691 ἄλκιμος
2258 2614 2421 2679 υἱός·

819 2715 997 2778 τίπτέ
1043 2736 1117 2793 με
1162 2715 1500 2792 κικλήςκεις
1546 2716 1822 2793 Ἀχιλεῦ;
1866 2715 1924 2779 τί
1968 2716 2039 2779 δέ
2084 2735 2149 2778 ςε
2196 2717 2365 2793 χρεὼ
2412 2717 2615 2793 ἑμεῖο;

652 2817 767 2880 τὸν
812 2816 869 2878 δ’
913 2816 1421 2897 ἀπαμειβόμενος
1464 2817 1759 2895 προςέφη
1806 2817 2008 2881 πόδας
2052 2816 2220 2881 ὠκὺς
2267 2817 2617 2896 Ἀχιλλεύς·

619 3031 696 3085 V..
721 3052 771 3090 L.
825 3038 924 3086 586
960 3035 1095 3099 ἦϋςε
1122 3032 1168 3087 G
1198 3035 1257 3086 et
1279 3039 1325 3087 2.
1361 3049 1508 3087 man.
1545 3036 1614 3100 δὴ
1652 3048 1752 3101 pro
1790 3033 1865 3085 δὲ.
1902 3064 1960 3072 -
2002 3039 2103 3088 588
2139 3034 2391 3098 ἀμύνατε
2420 3032 2573 3088 Harl.
2612 3036 2761 3103 ἦμαρ

479 3150 543 3203 D.
594 3182 639 3190 -
701 3155 799 3203 589
845 3152 1039 3228 Αἴαντι
1076 3150 1134 3205 E.
1181 3116 1371 3206 αῖανέἰ
1400 3152 1474 3218 Α,
1522 3150 1665 3204 conf.
1707 3157 1822 3205 544.
1869 3153 2001 3205 οὐδέ
2045 3154 2071 3205 ἑ
2116 3154 2260 3219 φημὶ
2296 3150 2658 3213 ACDEGHL,
2696 3186 2760 3194 —

477 3224 577 3272 590
613 3220 880 3285 φεύξαςθ*
915 3218 1062 3288 L1pe.
1105 3219 1270 3277 Mose.
1309 3225 1354 3277 3.
1404 3223 1699 3285 φεύξεςθαι
1736 3218 1795 3272 L.
1838 3247 1906 3258 --
1949 3225 2048 3274 592
2086 3221 2163 3273 ὡς
2199 3221 2263 3273 A.
2298 3220 2354 3275 οἳ
2388 3222 2449 3276 δὲ
2487 3220 2543 3276 C.
2582 3224 2761 3277 αὐτῶι

475 3336 542 3389 D.
594 3366 644 3376 —
681 3343 780 3390 593
805 3338 1040 3403 ἑςτηςαν
1069 3337 1129 3390 A.
1166 3339 1399 3403 ἔςτηςαν
1424 3336 1625 3391 CDEL.
1662 3305 1894 3391 §cracov
1920 3336 1984 3391 G.
2020 3340 2254 3393 ἔςταςαν
2277 3338 2489 3397 Townl.
2514 3339 2683 3395 Mose.
2712 3349 2759 3396 3.

476 3404 619 3457 Flor.
667 3406 900 3459 ἕςταςαν
944 3403 1010 3457 Η.
1059 3408 1251 3473 ᾡμοιςι
1298 3405 1355 3459 C.
1407 3434 1465 3444 -—
1511 3412 1611 3458 594
1655 3405 1844 3460 ἀντίος
1890 3405 2021 3457 libri
2063 3406 2191 3460 mei.
2238 3409 2301 3461 ἐν
2345 3409 2451 3462 ἄλλ
2540 3414 2661 3463 τῶν
2698 3411 2760 3464 δὲ

477 3475 675 3537 ςχεδόν
709 3475 920 3537 ἤλυθεν
956 3473 1079 3526 αἴας
1105 3473 1169 3526 A.
1205 3473 1381 3539 ἦλθεν
1406 3472 1446 3527 C
1477 3480 1518 3526 1.
1559 3490 1705 3525 man.
1744 3503 1804 3512 --
1844 3479 1942 3527 595
1979 3478 2423 3554 μεταςτραφθείς
2511 3517 2522 3529 .
2560 3507 2622 3516 -
2659 3483 2760 3532 596

475 3556 530 3609 οἳ
576 3558 677 3619 μὲν
722 3555 780 3609 C.
828 3555 1079 3623 μάρνατο
1123 3556 1189 3610 Η.
1235 3593 1300 3601 -
1337 3563 1434 3611 597
1472 3560 1672 3623 φέρων
1708 3557 1763 3611 L.
1812 3546 2093 3613 ΝΗΛΗἸΟΙ
2141 3558 2394 3613 Ambroe.
2448 3562 2670 3628 νηλήῑοι
2717 3561 2758 3613 L

475 3621 687 3676 Townl.
725 3629 769 3675 1.
807 3640 960 3676 man.
991 3654 1054 3661 —
1090 3630 1189 3677 600
1225 3625 1464 3690 εἱςτήκει
1500 3623 1895 3678 ACDEGHLS.
1933 3627 2159 3694 πρύμνῃ
2194 3625 2431 3680 libris—⁵
2478 3635 2571 3682 601
2614 3629 2759 3683 ίῶκα

475 3694 538 3744 τὲ
565 3690 621 3744 L.
659 3721 723 3729 —-
759 3697 858 3745 602
896 3693 1186 3758 προςέειπε
1211 3692 1350 3745 ACE
1375 3692 1539 3749 Rhet.
1569 3690 1663 3745 Gr.
1688 3692 1784 3757 111,
1811 3698 1927 3757 203,
1960 3699 2035 3749 17.
2077 3724 2141 3732 -
2176 3698 2275 3747 604
2299 3694 2416 3748 ἴςος
2440 3695 2508 3750 D.
2548 3696 2752 3751 ΑΡΧΗΙ

365 3748 373 3757 “
477 3758 730 3813 Ambroe.
771 3788 826 3797 ——
867 3764 966 3811 606
1002 3759 1168 3813 τίπτέ
1207 3777 1272 3824 με
1311 3758 1519 3813 ACHL.
1556 3761 1781 3824 ἀχιλλεθ
1808 3758 1974 3813 DEG.
2010 3765 2090 3824 πῆ
2115 3761 2176 3815 δέ
2213 3777 2270 3815 ςε
2307 3764 2475 3828 χρειὼ
2511 3764 2664 3829 ἐμεῖο
2689 3761 2753 3817 G.

475 3826 529 3878 τί
574 3827 634 3878 δέ
679 3843 742 3879 τε
789 3825 848 3878 Ε.
893 3827 948 3879 τί
994 3830 1055 3880 δὲ
1099 3830 1268 3893 χρειὼ
1307 3826 1364 3880 L.
1407 3828 1628 3882 ΕΜΟΙΟ
1666 3827 1917 3880 Απὼτοε.
1971 3858 2028 3866 -
2074 3834 2174 3881 607
2211 3829 2432 3894 ἀχϊλεύς
2469 3829 2526 3885 C.
2562 3831 2669 3884 τὸν
2705 3834 2756 3885 δ’

477 3894 723 3958 ἠμείβετ’
756 3896 950 3948 ἔπειτα
989 3896 1270 3963 ποδάρκης
1306 3898 1423 3950 δῖος
1458 3896 1716 3962 ἀχιλλεύς
1755 3895 1799 3947 G
1838 3895 1972 3948 Mor.
2010 3894 2235 3954 Barcen,

609 4117 670 4169 A.
711 4133 758 4169 c.
817 4120 916 4168 589
954 4084 1148 4169 Αἴανθ’
1192 4116 1279 4170 sc:
1319 4118 1558 4170 Αἴαντος
1596 4114 1926 4172 zenodotus.
1964 4147 2029 4153 —
2073 4123 2169 4170 597
2211 4118 2471 4184 Νηλήιαι;
2510 4118 2607 4171 alii
2644 4120 2753 4188 Νη·
2820 4128 2831 4137 ·
2906 4133 2916 4142 ·

477 4184 639 4250 λήιον
673 4184 817 4236 teste
855 4182 1034 4235 Schol.
1070 4181 1138 4235 V.
1179 4219 1236 4226 —
1278 4190 1378 4239 600
1412 4184 1740 4250 ἀρίςταρχος
1787 4185 2003 4250 ἑςτήκει
2044 4184 2391 4252 Didymus,
2428 4217 2491 4224 —
2530 4192 2622 4240 601
2664 4189 2752 4244 ὅτι

472 4253 622 4307 τινὲς
656 4252 965 4318 γράφουςιν
1002 4251 1096 4316 ἰῶ,
1138 4252 1262 4305 εἶτα
1298 4252 1816 4321 καταδακρυόεςςαν
1854 4252 2302 4315 Aristonicus,

1724 4483 1769 4533 l
