3144 5006
592 361 719 437 336
1447 361 1483 395 ⁸
1522 375 1856 431 ιΛιΑΔος
1909 377 1976 430 ψ.

756 523 1003 604 ἅρματα
1048 528 1119 592 δὲ
1163 533 1376 612 χρυςῷ
1421 530 1871 607 πεπυκαςμένα
1913 529 2254 612 καςςιτέρῳ
2297 549 2369 593 τε

754 626 983 694 ἵπποις
1028 628 1460 694 ὠκυπόδεςςιν
1507 630 1888 710 ἐπέτρεχον·
1935 630 2088 696 οὐδέ
2131 652 2189 696 τι
2232 632 2448 709 πολλὴ

592 734 714 793 505
758 730 996 807 γίγνετ’
1040 730 1445 811 ἑπιςςώτρων
1491 731 1883 811 ἁρματροχιὴ
1928 732 2307 798 κατόπιςθεν

761 831 831 897 ἐν
877 833 1075 915 λεπτῇ
1121 832 1334 916 κονίῃ’
1377 834 1469 898 τὼ
1515 835 1588 899 δὲ
1634 834 1984 900 ςπεύοοντε
2029 833 2357 913 πετέςθην.

757 937 864 1012 ςτῆ
912 936 984 999 δὲ
1027 934 1195 1018 μέςῳ
1241 936 1311 1000 ἐν
1354 934 1593 1018 ἀγῶνι,
1638 936 1845 1000 πολὺς
1889 935 1947 1001 δ’
1991 934 2321 1015 ἀνεκήκιεν
2366 934 2568 1014 ἱδρὼς

753 1033 977 1101 ἵππων
1021 1033 1092 1100 ἔκ
1135 1056 1205 1100 τε
1252 1034 1484 1116 λόφων
1530 1037 1635 1101 καὶ
1677 1037 1809 1101 ἀπὸ
1856 1038 2145 1115 ςτέρνοιο
2191 1041 2447 1116 χαμᾶζε.

755 1135 953 1202 αὐτὸς
994 1137 1052 1202 δ’
1096 1137 1165 1201 ἐκ
1209 1136 1470 1217 δίφροιο
1515 1140 1712 1218 χαμαὶ
1754 1140 1907 1217 θόρε
1951 1136 2516 1221 παμφανόωντος,

589 1242 714 1301 510
757 1240 934 1303 κλῖνε
978 1238 1036 1301 δ’
1078 1237 1204 1317 ἄρα
1246 1238 1512 1318 μάςτιγα
1556 1241 1705 1304 ποτὶ
1748 1241 1963 1318 ζυγόν.
2056 1240 2211 1306 οὐδὲ
2257 1240 2532 1319 μάτηςεν

754 1338 1015 1420 ἴφθιμος
1063 1339 1397 1416 (Θένελος,
1447 1339 1588 1406 ἀλλ’
1633 1342 1989 1423 ἐςςυμένως
2034 1342 2172 1422 λάβ’
2215 1340 2490 1420 ἄεθλον,

757 1445 923 1506 δῶκε
968 1442 1025 1504 δ’
1068 1440 1249 1517 ἄγειν
1294 1441 1610 1522 ἑτάροιςιν
1658 1442 2065 1523 ὑπερθύμοιςι
2110 1445 2382 1520 γυναῖκα

757 1543 858 1606 καὶ
900 1542 1150 1621 τρίποδ’
1194 1542 1497 1609 ὠτώεντα
1541 1545 1797 1625 φέρειν’
1843 1545 1881 1610 ὃ
1929 1548 2001 1611 δὲ
2045 1548 2197 1610 λῦεν
2244 1544 2357 1625 ὑφ’
2397 1542 2674 1610 ἵππους.

932 1651 1026 1728 τῷ
1073 1645 1129 1710 δ’
1173 1644 1275 1723 ἄρ’
1320 1646 1419 1711 ἐπ’
1464 1646 1830 1725 Ἀντίλοχος
1876 1648 2152 1725 Νηλήιος
2195 1646 2429 1726 ἤλαςεν
2470 1645 2769 1728 ἵππους,

591 1751 712 1808 515
761 1747 1071 1824 κέρδεςιν,
1120 1745 1199 1811 οὔ
1243 1768 1301 1811 τι
1346 1747 1524 1826 τάχει
1567 1768 1670 1824 γε,
1717 1749 2223 1830 παραφθάμενος
2268 1746 2638 1813 Μενέλαον.

758 1846 927 1913 ἀλλὰ
971 1849 1071 1912 καὶ
1113 1848 1202 1914 ὧς
1249 1850 1584 1915 Μενέλαος
1627 1849 1720 1929 ἔχ’
1765 1850 2032 1928 ἐγγύθεν
2079 1850 2282 1914 ὠκέας
2323 1848 2583 1913 ἵππους.

757 1948 950 2015 ὅςςον
997 1952 1069 2014 δὲ
1111 1954 1354 2029 τροχοῦ
1396 1950 1600 2015 ἵππος
1644 1950 2007 2037 ἀφίςταται,
2053 1952 2127 2017 ὅς
2173 1951 2255 2031 ῥά
2296 1951 2352 2016 τ’
2398 1949 2649 2015 ἄνακτα

759 2052 1009 2135 ἕλκῃςιν
1055 2052 1305 2117 πεδίοιο
1349 2052 1788 2133 τιταινόμενος
1833 2056 1944 2120 ςὺν
1991 2052 2248 2133 ὄχεςφι·

755 2157 874 2218 τοῦ
918 2153 1033 2233 μέν
1077 2174 1147 2218 τε
1193 2153 1509 2234 ψαύουςιν
1554 2155 1947 2234 ἐπιςςώτρου
1990 2155 2198 2234 τρίχες
2242 2152 2431 2233 ἄκραι

591 2261 718 2319 520
762 2254 1050 2333 οὐραῖαι·
1098 2255 1136 2320 ὃ
1185 2256 1256 2320 δέ
1299 2256 1353 2319 τ’
1397 2254 1545 2334 ἄγχι
1589 2257 1758 2336 μάλα
1800 2258 2040 2340 τρέχει,
2087 2256 2243 2323 οὐδέ
2286 2276 2345 2321 τι
2389 2256 2604 2335 πολλὴ

759 2357 937 2437 χώρη
982 2357 1318 2440 μεςςηγύς,
1364 2358 1607 2424 πολέος
1649 2358 1900 2424 πεδίοιο
1945 2359 2246 2424 θέοντος·

755 2458 983 2524 τόςςον
1029 2461 1107 2538 δὴ
1154 2459 1494 2525 Μενέλαος
1538 2459 1868 2540 ἀμύμονος
1915 2461 2315 2541 Ἀντιλόχοιο

756 2559 1020 2624 λείπετ’·
1068 2561 1229 2639 ἀτὰρ
1272 2563 1353 2626 τὰ
1397 2569 1623 2641 πρῶτα
1665 2563 1765 2625 καὶ
1809 2562 1876 2627 ἐς
1921 2563 2221 2642 δίςκουρα
2266 2562 2580 2627 λέλειπτο.

719 2744 871 2799 Vsu.
944 2752 1042 2800 503
1069 2746 1290 2813 ἅρματα
1325 2747 1376 2798 δ’
1409 2746 1480 2800 αὖ
1505 2748 1695 2814 χαλκῷ
1723 2745 2054 2801 Plutarchus
2079 2745 2301 2811 Quaest.
2327 2761 2488 2805 conv.
2513 2744 2608 2811 [x.
2644 2752 2729 2813 15,
2762 2752 2806 2809 1,
2830 2750 2874 2799 5.

596 2815 818 2882 ἅρματά
855 2830 919 2867 τε
957 2812 1114 2867 Vrat.
1164 2813 1217 2868 b.
1261 2843 1329 2853 —
1374 2820 1473 2867 504
1509 2815 1640 2867 οὐδέ
1675 2830 1738 2868 τε
1776 2812 1841 2867 G.
1887 2814 2061 2868 ceteri
2098 2817 2229 2869 οὐδέ
2267 2831 2337 2869 τι.
2378 2813 2535 2872 Vrat.
2572 2815 2629 2870 b.
2670 2814 2726 2869 d.
2763 2812 2876 2867 οὐδ’

588 2885 685 2937 ἔτι.
734 2911 798 2921 -
845 2888 944 2935 505
987 2882 1200 2948 γίγνετ’
1242 2880 1360 2933 AL:
1414 2882 1592 2947 γίνετ’
1635 2881 1882 2936 CDEGH
1935 2880 1972 2935 S
2046 2924 2057 2935 .
2106 2881 2194 2935 Et.
2238 2880 2353 2951 Mg.
2406 2889 2520 2947 145,
2565 2888 2647 2936 20.
2698 2878 2869 2935 Schol.

588 2953 636 3006 Ψ
670 2956 787 3004 422.
827 2948 1013 3018 Apoll.
1050 2947 1122 3003 So
1167 2948 1221 3004 h.
1256 2955 1341 3006 43.
1372 2956 1448 3007 16.
1487 2952 1748 3003 Ammon.
1787 2949 1857 3003 de
1891 2949 1964 3003 Di
2009 2990 2021 3003 .
2063 2966 2104 3003 s.
2142 2951 2502 3017 ἁρματροχία.
2546 2951 2870 3016 ἐπιςώτρων

586 3019 639 3073 H
676 3017 833 3071 Vrab.
874 3018 941 3069 A.
981 3018 1166 3086 Apol.
1215 3015 1383 3099 Soph.
1430 3023 1514 3086 43,
1569 3024 1648 3071 16.
1696 3016 1780 3070 Et.
1831 3016 1943 3088 Mg.
1994 3024 2103 3084 145,
2143 3025 2223 3074 20.
2267 3020 2636 3086 ὀπιςςώτρων
2671 3017 2741 3072 D.
2787 3016 2869 3081 ἁρ-

590 3089 859 3155 ματροχιὴ
898 3084 956 3143 Ο.
994 3086 1339 3153 ἁρματροχιη
1375 3082 1524 3154 Lips.
1561 3086 1903 3143 Ammonius,
1946 3087 2287 3154 ἁρμοτροχιὴ
2323 3085 2479 3140 Eunt.
2521 3091 2668 3151 1312,
2705 3092 2786 3139 52.
2812 3116 2868 3127 -

588 3211 686 3258 506
724 3205 1029 3323 πετέςθῖνε
1078 3205 1141 3258 ἑν
1187 3206 1343 3272 ἄλλῳ
1393 3207 1667 3259 πέτεςθον
1704 3208 1767 3258 A.
1813 3236 1880 3244 —
1926 3210 2024 3258 508
2070 3204 2184 3258 ἀπο
2228 3203 2341 3257 HL.
2389 3207 2596 3271 χαμᾶζε
2646 3201 2866 3258 ADEG=

590 3272 796 3340 χαμάζε
835 3270 929 3325 CH
1030 3272 1317 3327 ΧΑΜΑΖΕ
1355 3271 1475 3341 Syr.
1523 3301 1589 3311 —-
1636 3279 1734 3326 509
1771 3272 1964 3328 ΧΑΜΕ
2009 3271 2202 3325 Ambr.
2253 3275 2693 3338 παμφανόεντος
2730 3270 2865 3338 Lipa.

593 3370 651 3379 --
692 3346 790 3393 510
828 3340 1068 3395 ΚΛΕΙΝΕ
1112 3341 1302 3393 Ambr.
1361 3358 1492 3395 ποτι
1540 3339 1656 3395 ΑΒ.
1704 3341 1838 3394 οὐδὲ
1883 3341 2128 3407 μάτηςεν
2174 3338 2315 3394 ACD
2358 3348 2399 3396 1.
2438 3355 2586 3393 man.
2630 3338 2720 3392 GS
2758 3338 2864 3404 Syr.

588 3409 711 3462 οὐδ’
746 3408 1023 3474 ἐμάτηςεν
1058 3407 1106 3460 D
1145 3424 1212 3460 ex
1259 3424 1400 3462 corr.
1448 3407 1546 3461 ΕΗ
1582 3408 1750 3461 Mose.
1798 3414 1845 3461 2.
1885 3407 2043 3463 Vrat.
2081 3409 2148 3461 A.
2192 3408 2346 3465 Rom.
2397 3438 2452 3445 —-
2501 3413 2600 3460 512
2638 3406 2864 3475 ὑπερθύ-

593 3491 769 3541 μοιςιν
803 3473 870 3528 D.
910 3506 965 3514 —
1009 3481 1108 3530 513
1146 3477 1408 3530 ὠτόεντα
1442 3474 1508 3529 D.
1556 3476 1589 3529 δ
1626 3478 1675 3528 δ’
1717 3475 1782 3534 D.
1829 3478 1915 3529 ὅδ’
1950 3476 2059 3531 CG.
2099 3477 2131 3529 ὃ
2169 3477 2230 3529 δὲ
2267 3480 2402 3529 λθεν
2435 3473 2504 3532 Η.
2551 3476 2614 3529 δὲ
2650 3477 2784 3529 λθεν
2813 3469 2862 3524 L

588 3542 765 3597 ceteri
798 3544 850 3597 δ’
893 3544 1075 3600 ἔλυεν,
1133 3573 1194 3582 --
1249 3550 1349 3597 514
1393 3546 1460 3611 ἂρ
1496 3541 1765 3601 ADGHL.
1818 3580 1885 3589 —
1937 3550 2036 3598 515
2080 3544 2238 3610 τάχει
2282 3560 2345 3597 τε
2383 3542 2449 3596 Η.
2502 3577 2570 3586 -
2624 3550 2740 3607 515,
2778 3543 2863 3595 516

590 3613 768 3665 omitt.
808 3609 964 3668 Vrat.
1001 3612 1054 3669 b.
1093 3641 1155 3649 -
1203 3616 1301 3664 516
1339 3614 1415 3664 ὼς
1454 3614 1519 3667 Α.
1558 3640 1623 3650 -
1671 3617 1769 3665 517
1805 3613 1970 3666 ὅςςόν
2004 3627 2068 3665 τε
2100 3610 2166 3667 Η.
2205 3614 2275 3679 ῥα
2312 3612 2530 3665 ἄνακτα
2567 3609 2628 3663 Ε.
2666 3641 2730 3650 -
2775 3610 2862 3663 518

589 3680 881 3735 ΕΛΚΗΕΙΝ
920 3679 1110 3732 Ambr.
1148 3680 1335 3747 ἕλκῃςι
1371 3677 1487 3733 DE.
1528 3680 1826 3746 ςυνόχεςφι
1863 3683 1912 3732 D
1939 3677 2060 3747 Syr.
2098 3681 2296 3746 ὄχεςφι
2319 3677 2376 3736 C.
2415 3677 2591 3731 ceteri
2626 3679 2861 3746 ὁχεςφιν.

591 3777 651 3786 -
691 3752 790 3801 519
827 3748 1177 3813 ὀπιςςώτρου
1216 3747 1279 3803 Α.
1315 3775 1382 3784 -
1417 3752 1516 3800 520
1553 3748 1586 3800 ὅ
1622 3748 1683 3800 δέ
1719 3748 1774 3800 τ’
1810 3745 1873 3801 G.
1922 3748 2055 3802 οὐδέ
2090 3763 2156 3801 τε
2191 3746 2252 3804 Ε.
2305 3776 2365 3786 --
2412 3750 2512 3799 521
2552 3747 2788 3812 μεςςηγὺ
2819 3740 2862 3795 H

589 3814 747 3873 Vrat.
783 3814 838 3873 b.
877 3814 1016 3882 (d‘?).
1053 3843 1119 3852 —
1155 3820 1254 3867 522
1290 3816 1385 3880 δὴε
1424 3813 1513 3868 ΔΕ
1548 3813 1742 3867 Ambr.
1781 3843 1845 3852 —-
1882 3822 1982 3869 523
2017 3820 2292 3882 ταπρῶτα
2327 3814 2386 3869 Ιι.
2424 3813 2614 3867 δίςκου
2650 3816 2790 3882 οὖρα
2809 3809 2857 3862 S-

589 3884 724 3938 δίςκ’
759 3885 900 3951 οὖρα
945 3882 1286 3952 anffi'grapha
1328 3881 1610 3949 quaedam
1653 3883 1800 3936 teste
1844 3881 1997 3936 Euat.
2047 3889 2205 3947 1309,
2245 3889 2328 3937 35.
2372 3881 2632 3949 δίςκουρα
2671 3886 2704 3949 ἢ
2742 3879 2861 3936 bion*

589 3953 731 4018 οὖρα
766 3950 919 4007 Euat.
962 3956 1106 4017 1313,
1144 3956 1225 4004 65.
1262 3949 1522 4017 δίςκουρα
1559 3953 1626 4005 Α.
2218 3948 2228 3957 ’

1310 4018 1453 4047 v

724 4122 789 4180 A.
827 4141 873 4179 c.
945 4126 1045 4175 504
1069 4119 1398 4188 ἑπέτρεχονε
1435 4122 1594 4174 οὕτω
1632 4122 1693 4175 δέ
1729 4121 1816 4174 διὰ
1840 4125 1941 4175 τοῦ
1977 4126 2015 4174 ὃ
2051 4119 2398 4188 Didymus.
2436 4122 2523 4173 ὅτι
2548 4121 2621 4174 τὰ
2656 4121 2861 4188 ἅρματα
2941 4106 2946 4115 ’

590 4192 729 4246 ἑπέτ
767 4207 924 4257 εχον,
963 4191 1053 4241 καὶ
1078 4189 1182 4242 οὐκ
1209 4189 1511 4256 ἐπέτρεχεν
1546 4187 2001 4245 Aristonicum
2029 4224 2092 4233 —
2119 4195 2218 4243 523
2241 4187 2615 4255 Aristarchus,
2639 4186 2858 4241 Ptolem.

587 4256 937 4394 εΔΠεὲωοὲἒίιιεῖ,
986 4254 1337 4310 Herodianus
1383 4257 1672 4325 δίςκουρα,
1718 4258 1861 4312 κατὰ
1907 4258 2187 4312 ςύνθεςινε
2237 4255 2333 4310 alii
2377 4257 2565 4310 δίςκου
2612 4256 2776 4324 οὖρα,
2807 4252 2860 4305 ut
