3144 5006
1276 448 1608 503 ΙΛΙΑΔΟ(
1650 447 1748 501 ΙΙΙ.
2014 501 2018 504 ,
2566 448 2651 515 85

368 608 494 669 290
538 602 740 683 αὐτὰρ
787 602 914 679 ἐγὼ
960 602 1060 668 καὶ
1104 601 1323 667 ἔπειτα
1366 603 1720 683 μαχήςομαι
1767 603 1978 668 εἵνεκα
2019 595 2247 682 ποινῆς

536 705 681 770 αὖθι
725 706 967 785 μένων,
1010 705 1161 768 εἵως
1204 725 1272 768 κε
1315 705 1503 769 τέλος
1547 705 1861 783 πολέμοιο
1905 706 2131 784 κιχείω.

698 805 916 891 ἦ,·καὶ
960 806 1091 871 ἀπὸ
1138 806 1493 886 ςτομάχους
1540 806 1759 886 ἀρνῶν
1803 806 1960 886 τάμε
2004 806 2180 885 νηλέι
2222 808 2468 891 χαλκῷ·

530 910 634 974 καὶ
675 909 830 973 τοὺς
874 910 990 987 μὲν
1037 909 1379 986 κατέθηκεν
1427 907 1529 973 ἐπὶ
1572 908 1813 987 χθονὸς
1857 907 2317 991 ἀςπαίροντας,

532 1014 737 1091 θυμοῦ
782 1011 1204 1088 δευομένους·
1251 1010 1382 1074 ἀπὸ
1426 1009 1551 1088 γὰρ
1597 1010 1792 1087 μένος
1834 1010 2043 1075 εἵλετο
2090 1010 2339 1088 χαλκός.

246 1104 255 1109 ’
322 1113 486 1175 ’295
534 1111 720 1178 οἶνον
764 1113 833 1174 δ’
878 1112 945 1176 ἐκ
988 1115 1300 1191 κρητῆρος
1342 1109 1774 1191 ἀφυςςόμενοι
1823 1112 2155 1176 δεπάεςςιν

533 1213 791 1293 ἔκχεον,
837 1213 949 1292 ἠδ’
993 1212 1267 1291 εὔχοντο
1313 1216 1488 1278 θεοῖς
1532 1211 2012 1297 αἰειγενέτῃςιν’

528 1314 657 1379 ὧδε
702 1314 772 1378 δέ
816 1333 909 1377 τις
953 1313 1241 1380 εἴπεςκεν
1288 1315 1558 1394 Ἀχαιῶν
1603 1335 1672 1379 τε
1717 1314 1961 1394 Τρώων
2004 1332 2101 1378 τε·

694 1415 823 1481 Ζεῦ
866 1417 1109 1481 κύδιςτε
1154 1416 1429 1495 μέγιςτε,
1475 1418 1580 1481 καὶ
1623 1415 1932 1481 ἀθάνατοι
1977 1417 2116 1481 θεοὶ
2158 1414 2372 1493 ἄλλοι,

529 1516 880 1597 ὁππότεροι
925 1517 1230 1596 πρότεροι
1275 1517 1437 1595 ὑπὲρ
1484 1517 1667 1597 ὅρκια
1709 1519 2097 1596 πημήνειαν,

362 1624 483 1683 300
528 1618 656 1683 ὧδέ
704 1621 820 1699 (φ’
864 1619 1224 1700 ἐγκέφαλος
1271 1622 1537 1700 χαμάδις
1584 1618 1722 1699 ῥέοι
1766 1618 1856 1684 ὡς
1902 1617 2015 1683 ὅδε
2060 1618 2278 1709 οἶνος,

529 1721 896 1807 αὐτῶνκαὶ
938 1720 1207 1803 τεκέων,
1254 1721 1486 1801 ἄλοχοι
1530 1723 1602 1785 δ’
1646 1721 1890 1786 ἄλλοιςι
1935 1723 2208 1798 δαμεῖεν.

695 1823 785 1887 ὣς
828 1823 1030 1902 ἔφαν,
1077 1822 1225 1887 οὐδ’
1252 1823 1395 1903 ’ἄρα
1439 1824 1543 1888 πώ
1590 1843 1738 1903 ςφιν
1784 1823 2184 1902 ἐπεκραίαινε
2233 1825 2538 1903 Κρονίων.

527 1927 686 1989 τοῖςι
731 1925 802 1989 δὲ
845 1925 1255 2005 Δαρδανίδης
1297 1924 1587 2005 Πρίαμος
1633 1926 1789 2005 μετὰ
1833 1927 2037 2004 μῦθον
2082 1924 2282 1990 ἔειπε·

692 2026 951 2091 κέκλυτέ
995 2046 1111 2107 μευ
1155 2027 1374 2106 Τρῶες
1416 2027 1524 2091 καὶ
1570 2025 1936 2106 ἐυκνήμιδες
1980 2024 2248 2104 Ἀχαιοί·

363 2131 480 2191 305
526 2128 563 2207 ἦ
606 2127 924 2204 τοι·ἐγὼν
969 2126 1093 2207 εἶμι
1134 2129 1329 2207 προτὶ
1369 2129 1564 2193 Ἴλιον
1609 2128 1994 2208 ἠνεμόεςςαν

524 2227 653 2312 ἄψ,
697 2231 838 2295 ἐπεὶ
880 2230 960 2295 οὔ
1002 2251 1107 2294 πω
1152 2231 1419 2310 τλήςομ’
1463 2229 1535 2295 ἑν
1582 2228 2010 2310 ὀφθαλμοῖςιν
2055 2227 2317 2307 ὸρᾶςθαι

525 2332 931 2412 μαρνάμενον
975 2331 1172 2412 φίλον
1219 2331 1361 2396 υἱὸν
1406 2331 1729 2415 ἀρηιφίλῳ
1776 2331 2119 2414 Μενελάῳ·

523 2433 690 2498 Ζεὺς
731 2434 846 2512 μέν
892 2454 1021 2498 που
1064 2434 1138 2498 τό
1181 2453 1256 2510 γε
1302 2431 1441 2498 οἶδε
1484 2433 1585 2498 καὶ
1628 2432 1935 2497 ἀθάνατοι
1979 2434 2117 2498 θεοὶ
2159 2432 2380 2513 ἄλλοι,

402 2570 408 2573 <
524 2536 872 2621 ὁπποτέρῳ
916 2535 1221 2601 θανάτοιο
1265 2535 1456 2600 τέλος
1498 2536 1927 2616 πεπρωμένον
1973 2535 2156 2601 ἐςτίν.

362 2641 481 2701 310
690 2637 730 2716 ἦ
777 2635 890 2716 ῥα,
935 2638 1035 2702 καὶ
1079 2638 1145 2701 ἐς
1191 2638 1428 2716 δίφρον
1472 2636 1673 2717 ἄρνας
1717 2638 1867 2703 θέτο
1913 2638 2156 2702 ἰςόθεος
2200 2637 2376 2716 φώς,

522 2740 603 2805 ἂν
648 2740 715 2804 δ’
760 2739 870 2818 ἄρ’
914 2739 1123 2820 ἔβαιν’
1166 2737 1393 2821 αὐτός,
1438 2739 1597 2803 κατὰ
1641 2740 1708 2803 δ’
1749 2739 1897 2818 ἡνία
1938 2743 2146 2804 τεῖνεν
2191 2738 2461 2804 ὀπίςςω·

520 2840 652 2919 πὰρ
696 2840 769 2905 δέ
813 2839 874 2905 οἱ
918 2840 1242 2919 Ἀντήνωρ
1285 2841 1671 2919 περικαλλέα
1717 2842 1937 2921 βήςετο
1989 2841 2243 2919 δίφρον.

519 2944 611 3005 τὼ
657 2945 773 3022 μὲν
817 2941 929 3021 ἄρ’
973 2939 1258 3021 ἄψορροι
1302 2943 1489 3021 προτὶ
1531 2943 1726 3008 Ἴλιον
1770 2940 2168 3035 ἀπονέοντο·

444 3133 454 3142 .
518 3044 763 3123 Ἕκτωρ
805 3045 877 3108 δὲ
917 3043 1236 3123 Πριάμοιο
1280 3044 1430 3108 πάις
1474 3045 1580 3109 καὶ
1620 3047 1757 3109 δῖος
1802 3043 2133 3108 Ὀδυςςεύς

482 3227 553 3282 V.
592 3247 644 3282 ι..
700 3234 800 3282 290
846 3229 1178 3295 μαχέςςομαι
1212 3226 1310 3280 HL
1347 3227 1529 3281 Schol.
1580 3232 1613 3284 Γ
1647 3235 1763 3283 457.
1812 3230 2115 3296 μαχέςομαι
2153 3227 2216 3282 G.
2250 3258 2321 3268 —-
2364 3234 2456 3282 291
2499 3229 2630 3286 εἵως

356 3313 441 3351 κει
479 3297 660 3351 εῐςοκε
698 3295 766 3352 Η.
803 3326 873 3336 -
906 3302 1005 3350 292
1041 3297 1156 3351 ἀπο
1194 3294 1348 3349 CDL.
1383 3297 1455 3348 τά
1498 3313 1560 3348 εν
1598 3295 1662 3351 G.
1698 3298 1875 3363 τάμνε
1911 3297 1957 3348 Α
2003 3296 2095 3350 oll.
2132 3295 2263 3353 Lex.
2304 3303 2416 3362 150,
2458 3302 2537 3351 16.
2563 3327 2632 3337 —

353 3370 449 3418 294
484 3366 598 3420 ἀπο
635 3363 693 3418 C.
730 3393 792 3403 —
831 3370 931 3418 295
967 3365 1339 3431 ἀφυςςόμενοι
1378 3315 1656 3434 ΟΗμΙιίρε.
1697 3370 1741 3421 1.
1780 3380 1929 3418 man.
2013 3365 2128 3419 ton.
2162 3362 2335 3420 Mose.
2369 3372 2420 3439 „¹-
2458 3365 2631 3433 ἀφυς-

346 3449 575 3560 ςὲμενοι
610 3483 688 3534 A:
726 3480 899 3536 ceteri
933 3483 1328 3548 ἀφυςςάμενοι.
1367 3513 1426 3521 -
1454 3487 1554 3536 297
1592 3483 1847 3537 εἷπεςκεν
1886 3483 2024 3536 ἰδὼν
2060 3483 2138 3538 εἰς
2174 3484 2422 3550 οὐρανὸν
2458 3486 2629 3551 εὐρύν

356 3550 403 3603 H
438 3553 497 3604 et
529 3568 588 3602 m
626 3566 805 3618 marg.
842 3567 927 3616 γρ.
966 3552 1180 3616 ἀχαιῶν
1216 3567 1279 3604 τε
1314 3551 1525 3618 τρώων
1561 3568 1640 3605 τε.
1676 3554 1887 3619 τρῴων
1924 3549 2034 3604 GL.
2078 3580 2140 3590 —-
2189 3555 2288 3604 299
2325 3553 2629 3619 ὑπερόρκια

352 3616 669 3672 ACDGHL:
708 3619 853 3684 ὑπὲρ
890 3620 1051 3685 ὅρκια
1085 3617 1146 3670 Ε.
1183 3621 1502 3688 πημῄνειαν
1540 3617 1598 3672 C.
1636 3649 1697 3659 -—
1736 3625 1830 3673 301
1870 3620 2095 3683 δαμεῖεν
2131 3620 2177 3671 A
2206 3618 2417 3672 Townl.
2445 3619 2627 3673 Schol.

352 3685 508 3738 BLV.
544 3684 631 3742 Et.
678 3683 790 3754 Mg.
837 3691 964 3751 246,
1008 3693 1099 3739 5οε
1150 3691 1359 3751 μιγεῖεν
1404 3684 1688 3740 CDGHLS
1735 3685 1916 3739 Schol.
1953 3687 1991 3741 Ε
2035 3691 2151 3739 486.
2205 3688 2431 3752 δαμεῖεν
2476 3690 2510 3753 ἦ
2547 3705 2626 3754 μι-

351 3760 498 3816 γεῖεν
532 3751 688 3806 Euat.
724 3759 849 3818 417,
886 3760 933 3807 7.
979 3755 1167 3806 utrum
1209 3769 1280 3806 ue
1316 3752 1467 3807 Harl.
1513 3784 1580 3793 —
1626 3759 1723 3808 302
1761 3756 1935 3820 ἔφανε
1981 3755 2148 3819 ἔφατ’
2183 3753 2244 3806 Ε.
2301 3756 2626 3821 ἑπεκρέαινε

354 3820 467 3875 DH.
502 3851 569 3859 —
606 3825 707 3874 303
742 3822 803 3876 δε
839 3820 905 3875 D.
944 3838 1084 3887 μετα
1121 3819 1161 3874 C
1216 3819 1277 3877 L.
1314 3823 1465 3875 ἔειπε
1504 3819 1667 3875 CGH.
1704 3851 1769 3862 -
1797 3827 1898 3875 304
1930 3827 2114 3889 τρῷες
2149 3820 2258 3875 GL.
2298 3823 2627 3887 εὐκνὴμιδες

354 3885 608 3942 CDGHL.
644 3915 714 3927 —-
746 3895 849 3943 305
883 3892 1197 3957 προτιῖλιον
1232 3889 1298 3944 A.
1336 3892 1449 3955 πρὸ
1483 3892 1538 3943 τὶ
1576 3887 1632 3947 C.
1679 3891 1807 3956 ἦτοι
1850 3890 1963 3954 ἐγὼ
2014 3891 2117 3953 μὲν
2153 3890 2266 3954 εἶμι
2300 3890 2445 3955 πρὸς
2479 3889 2625 3944 ἷλιον

352 3955 483 4010 Hor.
516 3986 585 3997 -
619 3961 722 4009 306
755 3958 1027 4023 τλὴςομαι
1063 3957 1431 4022 ὀφθαλμοῖςιν
1465 3956 1525 4010 Ε.
1551 3988 1611 3998 -
1642 3962 1740 4011 308
1778 3957 1906 4022 μένε
1944 3957 2015 4018 γά
2085 3955 2130 4008 Ε
2164 3961 2281 4020 417,
2306 3962 2388 4009 46.
2423 3956 2494 4010 τό
2530 3974 2624 4023 γει

351 4026 475 4079 τόδε
498 4023 565 4079 D.
586 4054 651 4063 —
674 4030 774 4079 310
808 4025 880 4092 ῥὰ
905 4022 1164 4078 CDGHL.
1186 4054 1247 4064 —
1269 4030 1366 4078 311
1392 4026 1463 4078 ἀν
1487 4022 1747 4078 ACDGL.
1783 4026 1852 4090 ἂρ
1877 4022 1977 4076 DG
2034 4020 2093 4075 L.
2132 4040 2276 4076 κατα
2299 4022 2408 4078 DL.
2439 4058 2505 4068 —
2524 4031 2623 4079 312

352 4109 460 4160 παρ
493 4093 604 4149 CD.
641 4093 847 4160 βὴςετο
869 4090 1068 4144 ADHL
1091 4091 1243 4148 Vrat„
1271 4109 1320 4146 a.
1347 4092 1401 4146 b.
1427 4095 1500 4146 A:
1538 4093 1748 4159 βήςατο
1785 4090 1895 4146 CG.
1923 4121 1989 4130 —
2015 4096 2114 4145 313
2148 4092 2217 4159 ἂρ
2252 4089 2424 4144 DGH.
2462 4093 2532 4161 ἀρ
2556 4092 2622 4146 A.

477 4247 543 4299 A.
578 4264 627 4299 c.
679 4251 784 4300 290
821 4245 1130 4311 μαχήςομαι
1154 4245 1522 4300 Arist-archus,
1543 4273 1613 4284 —-
1637 4251 1736 4298 292
1772 4245 1958 4299 οὕτως
1983 4243 2040 4297 αἱ
2076 4244 2434 4311 Ἀριςτάρχου
2470 4246 2621 4313 ,,ἀπὸ

353 4315 712 4379 ςτομάχους“.
756 4313 816 4367 αἱ
860 4314 923 4367 δὲ
966 4314 1194 4368 πλείους
1239 4315 1327 4367 διὰ
1379 4318 1485 4366 τοῦ
1519 4319 1568 4367 “ε“
1606 4313 1734 4379 „hri
1779 4312 2145 4379 ςτομάχους“,
2191 4315 2282 4366 καὶ
2326 4314 2473 4369 ἔςτιν
2516 4316 2621 4372 οὐκ

353 4381 533 4451 ἄχαρις
566 4383 604 4450 ἡ
641 4383 838 4451 γραφή
874 4379 1216 4452 Didymus,
1252 4411 1316 4422 —
1352 4387 1452 4438 295
1485 4380 1840 4436 Aristarchus
1874 4380 2265 4450 ἀφυςςόμενοι.
