3144 5006
458 414 587 479 238
1404 417 1736 472 ιΛιΑΔος
1796 416 1862 470 Υ.

637 569 704 632 αἳ
748 569 805 634 δ’
849 569 957 644 ὅτε
1002 570 1118 648 μὲν
1165 575 1467 655 ςκιρτῷεν
1513 570 1617 637 ἐπὶ
1661 553 1973 651 Ζείδωρον
2017 570 2340 655 ἄρουραν,

632 669 833 751 ἄκρον
880 671 983 736 ἐπ’
1026 671 1382 753 ἀνθερίκων
1427 663 1679 754 καρπὸν
1725 673 1879 739 θέον
1925 672 2079 739 οὐδὲ
2124 673 2481 739 κατέκλων·

632 772 774 837 ἀλλ’
819 772 927 839 ὅτε
973 775 1050 853 δὴ
1098 780 1399 857 ςκιρτῶεν
1448 775 1548 839 ἐπ’
1595 775 1788 855 εὐρέα
1832 778 2014 840 νῶτα
2056 774 2397 855 θαλάςςης,

640 873 841 954 ἄκρον
887 875 992 941 ἔπι
1038 875 1343 955 ῥηγμῖνος
1388 876 1548 942 ἁλὸς
1592 880 1856 942 πολιοῖο
1902 878 2182 944 θέεςκον.

469 981 594 1038 230
642 977 834 1055 Τρῶα
877 977 933 1042 δ’
977 976 1367 1058 Ἐριχθόνιος
1408 978 1629 1042 τέκετο
1676 979 1993 1057 Τρώεςςιν
2039 977 2310 1045 ἄνακτα·

635 1078 860 1157 Τρωὸς
905 1080 961 1144 δ’
1005 1079 1087 1144 αὖ
1132 1082 1303 1159 τρεῖς
1348 1083 1575 1145 παῖδες
1618 1078 1942 1160 ἀμύμονες
1988 1080 2364 1157 ἐξεγένοντο
2378 1131 2397 1165 ,

638 1178 805 1246 Ἶλός
847 1181 903 1245 τ’
946 1181 1326 1261 Ἀςςάρακός
1368 1201 1437 1244 τε
1483 1182 1588 1247 καὶ
1631 1181 1924 1248 ἀντίθεος
1971 1183 2366 1267 Γανυμήδης,

638 1282 714 1347 ὃς
758 1285 833 1360 δὴ
879 1282 1211 1348 κάλλιςτος
1254 1283 1483 1360 γένετο
1528 1288 1781 1363 θνητῶν
1827 1284 2223 1364 ἀνθρώπων·

635 1386 751 1448 τὸν
797 1385 901 1449 καὶ
944 1383 1385 1465 ἀνηρείψαντο
1430 1386 1570 1451 θεοὶ
1611 1386 1720 1450 Διὶ
1765 1385 2128 1465 οἰοχοεύειν

468 1490 591 1548 235
637 1487 907 1550 κάλλεος
954 1486 1165 1551 εἵνεκα
1212 1485 1349 1569 οἶο,
1392 1485 1479 1552 ἵν’
1523 1485 1891 1554 ἀθανάτοιςι
1937 1487 2161 1568 μετείη.

634 1586 801 1653 Ἶλος
844 1589 903 1651 δ’
946 1586 1027 1653 αὖ
1071 1588 1268 1653 τέκεθ’
1310 1588 1454 1654 υἱὸν
1500 1587 1799 1670 ἀμύμονα
1841 1590 2284 1669 Λαομέδοντα,

637 1689 991 1770 Λαομέδων
1036 1690 1093 1755 δ’
1137 1690 1263 1769 ἄρα
1306 1691 1596 1756 Τιθωνὸν
1641 1693 1859 1756 τέκετο
1904 1692 2196 1773 Πρίαμόν
2240 1713 2308 1756 τε

635 1791 902 1871 Λάμπόν
944 1813 1014 1857 τε
1062 1792 1330 1858 Κλυτίον
1376 1793 1432 1855 θ’
1473 1792 1792 1859 Ἱκετάονά
1835 1795 1909 1877 τ’,
1956 1793 2111 1860 ὄζον
2154 1795 2407 1873 Ἄρηος.

636 1894 1016 1975 Ἀςςάρακος
1061 1897 1133 1960 δὲ
1183 1894 1435 1977 Κάπυν,
1482 1896 1519 1960 ὃ
1567 1896 1623 1960 δ’
1667 1894 1773 1975 ἄρ’
1821 1894 2108 1976 Ἀγχίςην
2152 1897 2292 1960 τέκε
2338 1899 2563 1961 παῖδατ

470 2000 595 2060 240
639 1995 842 2076 αὐτὰρ
888 1997 985 2073 ἔμ’
1030 1997 1345 2080 Ἀγχίςης,
1394 1997 1684 2077 Πρίαμος
1729 1998 1786 2061 δ’
1829 1997 1993 2077 ἔτεχ’
2036 1998 2309 2078 Ἕκτορα
2352 2002 2517 2064 δῖον.

637 2099 871 2177 ταύτης
914 2118 1013 2163 τοι
1054 2103 1281 2178 γενεῆς
1322 2118 1391 2163 τε
1436 2100 1539 2164 καὶ
1582 2098 1849 2179 αἵματος
1893 2099 2159 2180 εὔχομαι
2203 2098 2389 2165 εἶναι.

636 2199 803 2266 Ζεὺς
848 2201 905 2266 δ’
951 2199 1182 2280 ἀρετὴν
1226 2200 1555 2281 ἄνδρεςςιν
1602 2201 1866 2283 ὀφέλλει
1908 2221 1978 2266 τε
2020 2201 2264 2280 μινύθει
2306 2222 2409 2284 τε,

637 2301 866 2367 ὅππως
911 2323 1020 2368 κεν
1066 2303 1384 2387 ἐθέλῃςιν·
1432 2304 1469 2368 ὃ
1513 2305 1639 2382 γὰρ
1684 2300 2027 2382 κάρτιςτος“
2053 2303 2381 2369 ἁπάντων.

638 2402 780 2468 ἀλλ’
824 2403 940 2480 ἄγε
985 2406 1199 2485 μηκέτι
1241 2409 1439 2470 ταῦτα
1483 2406 1815 2483 λεγώμεθα
1857 2405 2151 2486 νηπύτιοι
2197 2405 2319 2483 ὥς,

469 2511 590 2568 245
637 2506 878 2572 ἑςταότ’
924 2507 994 2573 ἐν
1040 2508 1228 2592 μέςςῃ
1274 2507 1494 2591 ὑςμίνῃ
1537 2511 1891 2588 δηιοτῆτος.

640 2606 767 2672 ἔςτι
811 2609 935 2689 γὰρ
982 2610 1439 2691 ἀμφοτέροιςιν
1484 2609 1739 2677 ὀνείδεα
1784 2611 2172 2692 μυθήςαςθαι

606 2844 673 2969 V6
710 2866 761 2904 1..
831 2852 931 2902 226
968 2847 1027 2902 αἳ
1062 2848 1111 2902 δ’
1147 2848 1214 2902 D.
1253 2848 1363 2903 αἵδ’
1399 2845 1608 2907 CGHL.
1646 2848 1772 2903 ἀλλ’
1806 2849 1905 2904 ὅτε
1942 2850 2010 2917 δὴ
2047 2848 2213 2903 Rhet.
2251 2845 2344 2904 Gr.
2383 2847 2480 2914 ΙΙΙ,
2516 2854 2635 2915 221,
2672 2853 2758 2903 25.

466 2987 563 3040 ὅτε
603 2934 708 3051 μὲνΙ
739 2984 807 3036 A.
843 2984 954 3039 αἱδ’
988 2987 1087 3039 ὅτε
1124 2986 1192 3052 δὴ
1238 2984 1419 3040 Schol.
1457 2983 1643 3054 Apoll.
1679 2984 1859 3039 Rhod.
1895 2984 1940 3049 Ι,
1979 2991 2094 3041 184.
2140 2985 2232 3039 ἐπ’
2267 2986 2434 3053 εὐρέα
2470 2989 2627 3038 νῶτα
2663 2989 2758 3038 θα·

467 3056 666 3122 λάςςης
703 3052 751 3106 D
789 3055 850 3106 et
882 3053 941 3105 in
977 3069 1156 3123 marg.
1190 3070 1338 3107 man.
1378 3070 1489 3107 rec.
1533 3055 1815 3120 γράφεται
1852 3056 1945 3107 καὶ
1979 3055 2072 3108 ἐπὶ
2107 3053 2209 3119 ζήδ
2246 3055 2512 3121 ἀρουραν.
2546 3080 2612 3091 -·
2657 3058 2755 3106 227

467 3127 707 3208 καρπῶν
743 3119 780 3174 S
816 3120 962 3174 Flor.
1009 3151 1076 3160 -—
1121 3127 1220 3176 229
1255 3124 1281 3152 '⁸
1317 3123 1434 3175 ἔπιε
1472 3120 1617 3206 libri,
1641 3121 1751 3175 ἐπὶ.
1800 3152 1865 3161 -
1909 3128 2009 3175 230
2044 3127 2203 3189 τρῷα
2238 3120 2295 3174 L.
2332 3122 2652 3188 έριχθώνιος
2689 3119 2756 3178 D.

434 3188 1165 3329 ,{8}⁹{2‘330&..·2032³ffl
1205 3188 2470 3325 2333.¹⁴÷.ff.‘3²²fi..E303¹²⁶5¹÷2⁷ff³i¹a¹353&
2489 3187 2758 3312 ³2¹3?ssss

466 3327 755 3391 ἀμύμονος
800 3323 897 3378 HL
945 3324 1103 3382 Vrat.
1147 3325 1202 3379 b.
1247 3327 1311 3378 A.
1349 3322 1520 3379 Mose.
1568 3337 1617 3382 2.
1655 3327 1800 3385 conf.
1837 3328 1881 3381 Λ
1918 3332 2034 3380 692.
2090 3328 2139 3380 Ξ
2176 3331 2291 3380 115.
2347 3356 2411 3365 —
2465 3330 2565 3378 232
2600 3324 2758 3379 ἵλλος

469 3392 557 3448 GS
605 3391 751 3462 Lips.
801 3391 958 3446 Cant.
996 3393 1152 3446 Vrat.
1201 3393 1252 3446 d.
1289 3392 1431 3446 Flor.
1470 3424 1536 3433 -
1581 3399 1682 3447 233
1717 3396 1749 3448 δ
1823 3395 1915 3447 καὶ
1950 3396 2243 3448 κάλλιςτος
2278 3391 2348 3450 Η.
2400 3423 2466 3432 -
2516 3397 2619 3445 234
2653 3394 2759 3445 τὸν

470 3460 616 3527 libri,
644 3459 903 3529 Apollon.
932 3460 1003 3514 de
1026 3460 1191 3514 Pron.
1215 3467 1282 3514 60
1305 3462 1370 3519 A.
1410 3460 1595 3516 Schol.
1620 3461 1669 3514 A
1711 3477 1743 3514 ο
1791 3502 1804 3515 .
1832 3460 2011 3515 Rhod.
2048 3460 2150 3527 111,
2182 3467 2292 3514 114.
2331 3461 2400 3514 ὃν
2435 3462 2527 3515 καὶ
2562 3458 2755 3529 Apoll.

468 3530 539 3584 de
576 3529 731 3598 Synt.
774 3534 885 3592 153,
925 3534 972 3584 1.
1010 3528 1213 3587 Euseb.
1249 3528 1452 3599 Praep.
1490 3529 1588 3585 Ev.
1706 3528 1777 3596 ΙΙ,
1816 3535 1894 3590 14,
1935 3536 1980 3584 ‘'1.
2031 3530 2414 3597 ἀνηρείψαντο
2449 3531 2517 3588 Α.
2553 3558 2621 3568 -
2657 3534 2760 3582 235

468 3634 677 3687 οὕνεκα
726 3630 790 3686 Ε.
846 3632 1037 3703 μετείῃ
1085 3629 1149 3689 G.
1198 3662 1261 3671 —
1314 3636 1415 3686 236
1451 3633 1605 3686 ἴλλος
1658 3629 1748 3685 GS
1801 3630 1948 3700 Lips.
1987 3601 2344 3685 Canff‘Vrat.
2400 3629 2452 3688 d.
2506 3628 2654 3688 Flor.
2690 3659 2757 3669 -

468 3707 568 3756 238
605 3703 830 3767 λάμπον
864 3717 928 3754 τε
966 3702 1031 3755 A.
1071 3702 1307 3755 κλύτιόν
1340 3699 1402 3753 L.
1440 3701 1669 3753 κλυτίον
1704 3701 1758 3751 τ’
1792 3697 1942 3767 Lips.
1978 3729 2044 3740 —
2078 3704 2179 3752 239
2215 3699 2248 3752 ὃ
2284 3700 2335 3752 δ’
2368 3696 2478 3751 DL.
2520 3700 2607 3752 ὅδ’
2642 3697 2758 3755 CH.

467 3773 538 3837 ἂρ
573 3768 888 3826 ADEGHL.
926 3768 1137 3835 ἀγχίςιν
1174 3771 1238 3822 Α.
1275 3803 1342 3813 -
1376 3774 1477 3821 240
1512 3769 1576 3822 δὲ
1610 3769 1729 3832 'rex'
1761 3767 1920 3825 Vrat.
1958 3767 2010 3827 d.
2046 3798 2112 3807 —-
2149 3772 2250 3821 242
2284 3769 2334 3821 δ’
2367 3768 2652 3835 ἄνδρεςςιν
2688 3765 2754 3818 D.

469 3840 722 3907 ἄνδρεςιν
759 3837 905 3906 Lips.
942 3868 1006 3877 —
1042 3843 1141 3890 243
1179 3839 1339 3892 ὅπως
1374 3835 1438 3893 Ε.
1476 3837 1508 3888 ὃ
1545 3833 1840 3889 ACDGHL
1878 3835 2101 3891 Orionis
2126 3833 2755 3904 Anthologiguomicum

471 3907 535 3972 V,
580 3914 638 3960 13
691 3905 803 3974 (ed.
847 3904 1157 3959 Meineeke.
1201 3921 1298 3974 pg.
1348 3906 1486 3972 256).
1540 3903 1830 3971 κράτιςτος
1876 3903 1996 3957 DH.
2050 3905 2104 3958 κ’
2148 3904 2236 3971 ὄχ’
2272 3904 2493 3969 ἄριςτος
2529 3901 2640 3956 AC.
2693 3903 2757 3955 ἐν

468 3977 627 4042 ἄλλῳ
666 3977 699 4028 ὁ
734 3974 841 4041 γάρ
878 3977 930 4028 κ’
964 3975 1051 4041 ὄχ’
1088 3975 1308 4041 ἄριςτος
1344 3973 1622 4031 ἁπάντων
1657 3973 1705 4024 A
1741 3973 1809 4025 ut
1839 3971 1899 4025 in
1933 3972 2113 4026 textu.
2140 4001 2206 4011 —
2240 3976 2343 4025 244
2377 3971 2523 4025 ἀλλά
2556 3986 2620 4036 γε
2646 3968 2759 4023 DL.

604 4182 670 4238 A.
708 4198 756 4234 c.
825 4184 924 4234 228
961 4179 1289 4248 ἀρίςταρχος
1327 4178 1453 4233 ἀλλ’
1487 4177 1587 4233 ὅτε
1623 4175 1716 4244 δέ,
1762 4179 1922 4232 ἄλλοι
1956 4179 2019 4232 δὲ
2055 4178 2178 4232 ἀλλ’
2215 4178 2313 4232 ὅτε
2349 4178 2418 4243 δὴ
2454 4176 2544 4229 διὰ
2579 4180 2684 4230 τοῦ
2719 4179 2761 4243 ῆ

416 4269 439 4290 .
468 4249 814 4327 Didymup.
868 4279 935 4287 -
988 4255 1087 4301 234
1123 4250 1251 4301 κατ’
1283 4248 1403 4300 ἔνια
1437 4248 1541 4300 τὸν
1580 4248 1680 4309 μὲν
1716 4246 2101 4366 dvnpelssavro
2121 4245 2482 4326 Didymus.
2538 4244 2755 4324 ἀνηρεί-

470 4316 1076 4452 ἵὲἕτὲρὸλῶἒεδέτῖοέιῖεε
1115 4318 1186 4368 ἂν
1210 4315 1521 4383 ἠρείψαντο
1547 4313 1884 4383 Apollomus
1967 4313 2182 4367 heonls.
2207 4344 2274 4353 —
2299 4320 2400 4368 235
2435 4313 2755 4379 anternacum
