3144 5006
1268 453 1603 507 ΙΛΙΑΔΟΕ
1662 450 1782 504 XV.
2597 446 2679 510 67

438 615 518 672 25
563 610 799 688 ἀζηχὴς
845 607 1046 686 ὀδύνη
1093 606 1446 686 Ἡρακλῆος
1488 605 1723 688 θείοιο,

565 710 683 775 τὸν
731 711 802 775 ςὺ
846 711 959 776 ξὺν
1006 709 1199 790 βορέῃ
1244 707 1463 790 ἀνέμῳ
1509 711 1862 772 πεπιθοῦςα
1905 706 2177 771 θυέλλας
2274 767 2277 772 ,

564 813 821 891 πέμψας
866 811 966 875 ἐπ’
1010 810 1364 889 ἀτρύγετον
1409 809 1692 891 πόντον,
1738 810 1899 873 κακὰ
1942 807 2291 887 μητιόωςα,

566 912 667 978 καί
712 932 815 992 μιν
863 913 1082 977 ἔπειτα
1129 912 1313 977 Κόων
1358 913 1415 977 δ’
1460 911 1531 975 ἐύ
1577 910 1924 990 ναιομένην
1971 909 2325 975 ἀπένεικας.
2370 939 2381 943 „
2452 947 2495 976 .-.-.-

565 1017 681 1081 τόν
726 1016 839 1093 μὲν
886 1015 1057 1091 ἐγὼν
1104 1016 1291 1079 ἔνθεν
1339 1013 1620 1092 ρυςάμην
1665 1014 1768 1077 καὶ
1810 1009 2144 1090 ἀνήγαγον
2188 1008 2365 1074 αὖτις

439 1122 522 1180 30
564 1118 800 1196 Ἀργος
846 1117 911 1180 ἐς
956 1117 1317 1196 ἱππόβοτον
1363 1116 1464 1179 καὶ
1508 1114 1719 1179 πολλά
1762 1134 1884 1191 περ
1930 1108 2323 1189 ἀθλήςαντα.’

447 1274 460 1280 ,
565 1226 703 1284 τῶν
749 1221 798 1284 ς’
843 1218 1016 1284 αὖτις
1063 1221 1312 1301 μνήςω,
1353 1217 1440 1284 ἵν’
1482 1215 1807 1298 ἀπολήξῃς
1853 1214 2197 1297 ἀπατάων,

570 1319 749 1402 ὄφρα
791 1320 932 1406 ἴδῃ,
979 1321 1059 1400 ἤν
1101 1341 1202 1385 τοι
1246 1318 1511 1402 χραίςμῃ
1554 1318 1824 1398 φιλότης
1867 1338 1934 1382 τε
1978 1318 2079 1382 καὶ
2123 1316 2315 1397 εὐνή,

571 1424 651 1500 ἢν
700 1423 914 1504 ἐμίγης
960 1422 1234 1488 ἐλθοῦςα
1280 1427 1451 1487 θεῶν
1496 1421 1628 1487 ἄπο
1673 1421 1775 1485 καί
1818 1419 1878 1497 μ’
1922 1418 2267 1496 ἀπάτηςας.

743 1525 832 1589 ὣς
877 1524 1085 1607 φάτο,
1131 1522 1382 1603 ῥίγηςεν
1429 1527 1500 1589 δὲ
1546 1529 1789 1604 βοῶπις
1835 1520 2068 1585 πότνια
2110 1520 2308 1599 Ἥρη,

442 1630 521 1689 35
567 1626 668 1690 καί
711 1647 817 1706 μιν
862 1626 1189 1707 φωνήςας’
1234 1625 1394 1689 ἔπεα
1434 1624 1790 1703 πτερόεντα
1832 1622 2193 1701 προςηύδα·

740 1727 891 1792 ἰ’ςτω
936 1732 1053 1793 νῦν
1099 1728 1245 1792 τόδε
1289 1730 1462 1803 γαῖα,
1486 1726 1589 1790 καὶ
1632 1725 1912 1803 οὐρανὸς
1956 1724 2148 1802 εὐρὺς
2192 1717 2425 1802 ὕπερθε

565 1831 667 1894 καὶ
709 1830 785 1893 τὸ
831 1829 1280 1908 κατειβόμενον
1327 1826 1564 1903 (τυγὸς
1611 1826 1784 1904 ὕδωρ
1797 1876 1815 1909 ,
1861 1824 1934 1890 ὅς
1976 1846 2045 1890 τε
2089 1825 2378 1902 μέγιςτος

567 1930 761 2009 ὅρκος
806 1929 1174 1995 δεινότατός
1218 1949 1287 1993 τε
1332 1929 1514 1993 πέλει
1559 1929 1892 2007 μακάρεςςι
1935 1930 2157 1999 θεοῑςι,

567 2033 639 2109 ςή
686 2032 743 2096 θ’
782 2032 919 2111 ἱερὴ
964 2032 1214 2111 κεφαλὴ
1262 2032 1364 2094 καὶ
1407 2029 1720 2108 νωίτερον
1767 2030 1955 2109 λέχος
2000 2029 2216 2093 αὐτῶν

441 2138 526 2196 40
569 2134 926 2215 κουρίδιον,
971 2134 1046 2196 τὸ
1092 2132 1205 2209 μἐν
1253 2131 1370 2196 οὐκ
1416 2132 1495 2194 ἂν
1542 2131 1669 2207 ἐγώ
1716 2151 1874 2195 ποτε
1922 2131 2060 2210 μὰψ
2106 2129 2426 2209 ὀμόςαιμν

569 2236 650 2313 μὴ
695 2235 775 2298 δι’
820 2234 976 2314 ἐμὴν
1022 2234 1241 2313 ἰότητα
1286 2233 1662 2298 Ποςειδάων
1708 2233 2058 2311 ένοςίχθων

568 2337 865 2415 πημαίνει
909 2336 1137 2414 Τρῶάς
1178 2357 1245 2401 τε
1292 2337 1394 2400 καὶ
1436 2336 1738 2417 Ἕκτορα,
1784 2338 1939 2398 τοῖςι
1984 2334 2041 2397 δ’
2085 2332 2338 2412 ἀρήγει,

573 2435 742 2502 ἀλλά
788 2459 918 2501 που
962 2437 1163 2502 αὐτὸν
1208 2439 1405 2518 θυμὸς
1451 2437 1788 2516 ἐποτρύνει
1835 2437 1936 2500 καὶ
1979 2435 2246 2513 ἀνώγει,

566 2540 979 2619 τειρομένους
1023 2539 1080 2604 δ’
1123 2539 1226 2603 ἐπὶ
1270 2542 1489 2618 νηυςὶν
1535 2539 1693 2603 ἰδὼν
1741 2538 1994 2616 ἐλέηςεν
2040 2538 2350 2624 Ἀχαιούς.

442 2646 524 2704 45
571 2640 775 2719 αὐτάρ
819 2661 920 2705 τοι
964 2641 1067 2704 καὶ
1109 2641 1298 2722 κείνῳ
1344 2641 1472 2716 ἐγὼ
1520 2639 2082 2719 παραμυθηςαίμην

568 2750 646 2826 τῇ
690 2742 862 2821 ἴμεν,
907 2743 946 2826 ᾗ
993 2761 1102 2806 κεν
1147 2742 1225 2819 δὴ
1273 2742 1343 2805 ςύ
1386 2743 1762 2821 κελαινεφὲς
1804 2741 2215 2828 ἡγεμονεύῃς.

537 2892 605 2947 V.
645 2912 696 2945 L.
766 2899 832 2945 26
870 2897 968 2948 ξυν
1003 2893 1069 2946 A.
1108 2893 1401 2960 ξυμβορέηι
1437 2890 1486 2944 D
1533 2909 1660 2945 cum
1696 2891 1875 2949 Schol.
1914 2890 2100 2961 Apoll.
2135 2890 2315 2945 Rhod.
2352 2888 2393 2949 Ι.
2434 2897 2582 2945 1300.
2620 2926 2685 2935 -—

403 2967 468 3014 27
508 2962 776 3024 μιτιόωςα
814 2960 876 3018 G.
914 2992 980 3000 —
1015 2966 1083 3015 28
1119 2962 1276 3014 κόων
1312 2959 1430 3013 sine
1465 2961 1516 3012 δ’
1552 2959 1701 3029 Lips.
1738 2959 1881 3016 conf.
1919 2960 1965 3013 Ξ
1990 2964 2108 3017 255.
2152 2961 2213 3014 εὖ
2249 2961 2555 3026 ναιομένην
2592 2960 2684 3011 Ao

401 3027 656 3082 DEGLS.
695 3059 763 3068 --
796 3035 863 3083 29
899 3030 1011 3094 ἐγὼ
1047 3027 1195 3095 Lips.
1246 3030 1436 3082 ἔνθενι
1475 3029 1630 3083 αὖτις
1668 3026 1824 3081 Cant.
1872 3030 2154 3096 ἑρυςάμην
2190 3026 2257 3082 D.
2294 3028 2475 3096 αὖτιςι
2523 3028 2684 3080 αῢθϊς

402 3097 442 3151 C
481 3095 701 3165 (Vrat.).
741 3127 802 3135 —
841 3103 903 3151 31
942 3098 1100 3150 αὖθίς
1138 3095 1195 3151 C.
1241 3100 1364 3149 τῶν
1400 3097 1556 3159 αὖτις
1593 3095 1753 3149 Cant.
1800 3097 2018 3162 ἀπολήξ
2059 3114 2087 3150 ς
2123 3095 2221 3149 DE
2267 3094 2414 3163 Lips.
2457 3093 2684 3147 Barocc.

400 3164 562 3220 Vrab.
599 3165 664 3218 A.
705 3193 764 3203 —-
802 3171 866 3217 32
903 3165 984 3230 ὄφ
1022 3181 1056 3217 α
1091 3165 1214 3233 ἴδῃς
1251 3162 1446 3217 ACDE
1480 3163 1568 3215 bis
1603 3162 1747 3218 Mor.
1778 3163 1992 3221 Townl.
2046 3168 2078 3216 'r
2122 3181 2192 3220 m.
2218 3161 2389 3216 Mose.
2426 3161 2573 3216 Vrat.
2628 3162 2682 3219 d.

399 3232 559 3288 Rom.
595 3231 930 3285 Plutarchus
1005 3249 1035 3284 e
1071 3231 1214 3284 Aud.
1250 3233 1401 3300 ροὲίι.
1440 3237 1489 3284 4.
1535 3233 1669 3299 ὄφρ’
1705 3232 1857 3301 εἰδῇς
1896 3230 2044 3288 GLS.
2125 3248 2241 3298 φρα
2277 3231 2383 3284 ἴδοι
2417 3228 2567 3299 Lips.
2612 3232 2685 3296 ἦν

401 3317 456 3352 τι
480 3298 588 3356 EL.
623 3329 688 3339 -
724 3306 791 3351 34
828 3301 907 3355 ὡς
934 3298 995 3351 A.
1034 3329 1097 3338 —
1135 3306 1200 3353 35
1225 3302 1515 3367 προςηθδα
1539 3299 1605 3352 D.
1647 3330 1706 3338 —-
1743 3306 1808 3353 36
1844 3302 2054 3369 ὕπερθε
2093 3298 2282 3354 ΑΟΒΕ
2314 3298 2477 3368 frgm.
2513 3297 2684 3351 Mose.

406 3366 564 3420 Vrat.
599 3369 664 3420 A.
699 3366 842 3420 Flor.
879 3365 1062 3420 Schol.
1104 3368 1148 3419 Ο
1188 3373 1267 3422 21.
1306 3366 1612 3420 Pausanias
1646 3366 1796 3433 VIII,
1842 3372 1919 3431 18,
1954 3376 1985 3420 2
2049 3370 2299 3436 ὕπερθεν
2335 3365 2516 3419 Schol.
2554 3367 2599 3419 Θ
2639 3372 2687 3420 1.

402 3465 467 3474 —-
504 3441 569 3489 38
602 3452 668 3489 τε
703 3450 811 3487 om.
849 3435 907 3488 L.
954 3438 1123 3489 θεοῖςι
1157 3432 1427 3488 AGEGH.
1473 3466 1537 3473 —-
1584 3441 1650 3488 39
1696 3436 1817 3501 ίερά
1861 3436 1909 3489 D
1955 3436 2103 3506 Lips.
2152 3467 2217 3475 —
2270 3440 2338 3488 40
2380 3434 2496 3499 ἐγὼ
2545 3434 2688 3487 ποτὲ

401 3500 462 3559 L.
502 3532 567 3540 —
601 3508 663 3556 41
712 3503 998 3556 ποςιδάων
1045 3504 1092 3553 Α
1148 3504 1208 3554 et
1249 3502 1307 3555 in
1343 3519 1519 3572 marg.
1567 3505 1899 3557 ποςειδάων.
1956 3533 2020 3542 -
2075 3509 2141 3557 42
2186 3503 2489 3570 πημαίνειν
2534 3500 2598 3553 Li
2643 3519 2686 3555 s.

402 3575 590 3639 τρῷας
628 3569 686 3627 L.
726 3601 788 3609 -
826 3576 893 3623 43
931 3570 1112 3623 omitt.
1149 3570 1310 3639 frgm.
1351 3569 1519 3623 Mose.
1557 3573 1733 3631 θυμὸς
1769 3573 1947 3625 αὐτὸν
1984 3571 2043 3624 L.
2089 3601 2156 3610 --
2202 3577 2268 3624 45
2304 3571 2547 3624 κάκείνω
2635 3567 2680 3621 G

403 3636 559 3690 HLS.
597 3638 859 3691 κακείνωι
899 3637 962 3690 D.
1002 3640 1091 3690 καὶ
1129 3640 1297 3690 κείνω
1334 3637 1426 3690 ΔΟ
1455 3637 1595 3691 Ven.
1626 3637 1689 3691 B.
1730 3638 1889 3693 Cant.
1926 3638 2079 3694 Harl.
2121 3640 2281 3708 frgm.
2305 3637 2471 3691 Mose.
2500 3622 2681 3691 Cram.
2778 3686 2789 3699 ,

399 3705 494 3825 13ss
540 3712 655 3764 412,
695 3712 780 3759 28.
818 3735 879 3745 —-
919 3711 986 3759 46
1020 3710 1092 3771 τῆ
1120 3704 1174 3758 C.
1214 3691 1561 3773 ἡγεμονεύῃς
1599 3705 1691 3759 ΑΕ
1718 3706 1852 3761 Harl
1912 3708 2077 3774 frgm.
2117 3706 2286 3764 Mose.
2324 3706 2685 3771 ἡγεμονεύεις

401 3772 442 3826 C
500 3771 635 3825 HLS
672 3772 828 3827 Cant.
869 3772 1095 3826 Barooc.
1134 3772 1347 3826 Townl.
1385 3772 1534 3841 Lips.
1574 3773 1714 3830 Ven.
1751 3774 1812 3829 B.
1849 3775 2007 3829 vrat.
2042 3776 2097 3828 b.
2138 3774 2194 3827 d.
2233 3777 2296 3827 A.
2332 3771 2481 3828 Flor.
2518 3771 2682 3826 Rom.

331 3898 346 3907 ⁶
403 3840 606 3893 Suidas
643 3841 710 3898 ΙΙ.
748 3848 795 3899 2,
837 3847 986 3909 1098,
1026 3846 1075 3897 8.
1113 3842 1480 3905 ἡγεμονεύοις
1517 3841 1581 3898 G.

403 3940 446 3944 Η
515 3940 722 4029 Ast—:w
756 3940 853 4042 ζιος
892 3977 1097 4040 θυμόν,
1146 3978 1303 4029 ἄλλοι
1350 3976 1410 4028 δὲ
1456 3978 1651 4043 θυμός.
1706 3979 1817 4032 ἔςτι
1865 3978 1924 4030 δὲ
1976 3978 2007 4030 ὁ
2059 3982 2162 4043 τῆς
2218 3976 2487 4044 ὁμηρικῆς
2535 3974 2684 4043 (cod.

400 4044 754 4111 ἀριςτάρχου)
781 4045 1039 4111 φράςεως
1065 4046 1349 4110 χαρακτήρ
1376 4044 1470 4108 ,,οἵ
1494 4048 1541 4098 ς’
1565 4046 1805 4109 ὠτειλῆς
1831 4046 1948 4124 αἲμῇ
1969 4045 2443 4110 ἀπολιχμήςονται
2468 4045 2540 4109 (Φ
2571 4046 2683 4108 122)

400 4128 752 4196 Didymus,
796 4165 861 4173 —-
907 4137 970 4182 31
1016 4130 1332 4197 ἅπολήξῃςε
1379 4130 1466 4182 διὰ
1509 4134 1616 4182 τοῦ
1663 4130 1859 4196 ἑτέρου
1907 4133 1938 4183 λ
1990 4130 2045 4183 αἱ
2074 4129 2422 4195 -ἀριςτάρχου
2473 4127 2681 4193 Didy-

399 4213 561 4250 mus.
603 4227 669 4236 -
706 4203 771 4251 32
807 4198 897 4265 ἴδῃ
935 4196 1313 4250 Aristarchus.
1351 4196 1417 4249 cf.
1455 4195 1524 4248 Η.
1561 4195 1623 4255 Τ,
1662 4203 1778 4251 285.
1817 4228 1877 4236 -
1914 4203 1981 4251 33
2017 4198 2151 4250 οὔτε
2190 4197 2341 4263 παρὰ
2375 4196 2683 4263 Ζηνοδότω
2738 4194 2755 4223 “’

399 4266 536 4318 οὔτε
574 4267 707 4331 παρ’
744 4264 1129 4331 Ἀριςτοφάνει
1167 4268 1240 4330 ἦν
1275 4262 1625 4341 Didymus,
1666 4295 1728 4303 —-
1764 4271 1832 4318 44
1868 4266 2252 4331 τειρομένουςε
2293 4264 2684 4328 κτεινομένους

401 4331 837 4399 Aristophanem
882 4330 1170 4401 Argolica,
1217 4331 1605 4397 Massihensis,
1651 4333 1796 4387 conf.
1841 4333 1995 4386 Eunt.
2048 4338 2207 4394 1005,
2258 4338 2336 4387 18.
2379 4360 2445 4370 --
2489 4336 2556 4384 45
2593 4333 2688 4384 καὶ

399 4398 602 4468 κείνψτ
645 4400 708 4453 ἐκ
745 4400 997 4466 πλήρους
1035 4398 1360 4467 ἀρίςταρχος
1396 4400 1500 4452 τὸν
1537 4400 1628 4455 καί
1663 4402 1966 4466 ςύνδεςμον
2002 4398 2346 4466 Didymus.

2317 4485 2381 4539 ὃ.
