3144 5006
1241 397 1574 453 ιΛιΑΔος
1631 396 1831 453 xxm.
2521 345 2662 465 ‘325

544 557 756 633 χαῖται
799 553 1208 637 ἐρηρέδαται,
1252 553 1345 618 τὼ
1392 554 1450 618 δ’
1492 553 1758 620 ἕςτατον
1803 553 2143 634 ἀχνυμένω
2192 558 2329 633 κῆρ.

378 660 501 719 285
550 654 740 722 ἄλλοι
785 656 856 721 δὲ
900 656 1226 721 ςτέλλεςθε
1272 656 1431 721 κατὰ
1476 656 1774 735 ςτρατόν,
1822 655 1895 722 ὅς
1938 678 2030 722 τις
2075 656 2349 735 Ἀχαιῶν

542 756 829 822 ἵπποιςίν
874 778 941 822 τε
986 758 1257 823 πέποιθε
1300 758 1401 822 καὶ
1444 757 1670 839 ἅρμαςι
1716 760 2130 836 κολλητοῖςιν.

620 904 626 911 ·
722 859 813 926 ὣς
857 860 1031 941 φάτο
1075 861 1425 943 Πηλείδης,
1467 860 1696 939 ταχέες
1741 861 1798 924 δ’
1839 859 2071 937 ἱππῆες
2115 858 2405 938 ἄγερθεν.

541 961 710 1041 ὦρτο
756 963 927 1027 πολὺ
972 965 1231 1042 πρῶτος
1274 963 1388 1041 μὲν
1433 960 1593 1027 ἄναξ
1638 961 1896 1042 ἀνδρῶν
1942 960 2257 1044 Εὔμηλος,

539 1063 851 1143 Ἀδμήτου
895 1064 1086 1145 φίλος
1131 1063 1303 1144 υἱός,
1349 1065 1425 1130 ὃς
1466 1063 1788 1147 ἱπποςύνῃ
1834 1063 2161 1128 ἐκέκαςτο·

370 1169 494 1228 290
537 1169 629 1247 τῷ
677 1165 733 1230 δ’
775 1166 884 1232 ἐπὶ
925 1166 1230 1244 Τυδείδης
1277 1164 1450 1244 ὦρτο
1495 1168 1804 1245 κρατερὸς
1847 1165 2209 1248 Διομήδης,

534 1266 777 1333 ἵππους
821 1269 891 1333 δὲ
935 1268 1202 1352 Τρῳοὺς
1248 1267 1455 1343 ὕπαγε
1499 1269 1730 1350 Ζυγόν,
1776 1266 1890 1331 οὕς
1934 1268 2081 1332 ποτ’
2126 1265 2382 1346 ἀπηύρα

536 1370 820 1453 Αἰνείαν,
866 1369 1028 1449 ἀτὰρ
1072 1369 1274 1435 αὐτὸν
1320 1370 1756 1438 ὑπεξεςάωςεν
1803 1369 2157 1435 Ἀπόλλων.

534 1478 626 1556 τῷ
673 1472 730 1536 δ’
772 1470 873 1550 ἄρ’
916 1471 1018 1536 ἐπ’
1062 1471 1379 1551 Ἀτρείδης
1425 1473 1599 1552 ὦρτο
1644 1474 1876 1539 ξανθὸς
1926 1472 2260 1536 Μενέλαος

535 1574 856 1652 διογενής,
906 1573 1035 1639 ὑπὸ
1082 1575 1153 1638 δὲ
1197 1574 1393 1649 ζυγὸν
1439 1573 1678 1652 ἤγαγεν
1725 1573 1928 1638 ὠκέας
1969 1572 2245 1656 ἵππους,

367 1680 488 1738 295
531 1674 726 1755 Αἴθην
770 1677 886 1754 τὴν
932 1676 1442 1755 Ἀγαμεμνονέην
1486 1678 1603 1740 τὸν
1649 1675 1761 1740 ἑόν
1806 1695 1874 1740 τε
1915 1674 2295 1754 Πόδαργον·

533 1778 650 1856 τὴν
697 1778 1114 1858 Ἀγαμέμνονι
1161 1778 1312 1842 δῶκ’
1357 1777 1749 1857 Ἀγχιςιάδης
1794 1777 2153 1856 Ἐχέπωλος

533 1878 704 1959 δῶρ’,
749 1878 861 1944 ἵνα
901 1879 982 1959 μή
1030 1878 1093 1945 οἱ
1137 1880 1341 1945 ἕποιθ’
1385 1879 1514 1944 ὑπὸ
1559 1879 1751 1945 Ἴλιον
1796 1879 2214 1960 ἠνεμόεςςαν,

533 1980 675 2047 ἀλλ’
719 1979 920 2046 αὐτοῦ
963 1982 1267 2060 τέρποιτο
1312 1982 1556 2060 μένων·
1602 1982 1764 2060 μέγα
1807 1981 1931 2059 γάρ
1977 1979 2039 2045 οἱ
2082 1980 2283 2045 ἔδωκε

532 2082 698 2148 Ζεὺς
743 2081 1023 2164 ἄφενος,
1068 2087 1249 2150 ναῖεν
1296 2084 1352 2149 δ’
1397 2083 1434 2149 ὅ
1480 2084 1539 2159 γ’
1584 2083 1656 2148 ἐν
1701 2082 2035 2166 εὐρυχόρῳ
2082 2082 2373 2166 ξικυῶνι·

367 2191 493 2250 300
540 2188 655 2266 τὴν
702 2185 740 2250 ὅ
785 2185 845 2262 γ’
889 2186 1016 2250 ὑπὸ
1062 2186 1259 2262 ζυγὸν
1304 2184 1452 2271 ἦγε,
1496 2186 1658 2264 μέγα
1702 2184 1948 2264 δρόμου
1994 2184 2411 2264 ἰςχανόωςαν.

533 2289 902 2366 Ἀντίλοχος
946 2289 1018 2353 δὲ
1059 2288 1362 2368 τέταρτος
1408 2287 1702 2368 ἐΰτριχας
1748 2286 2051 2351 ὡπλίςαθ’
2091 2285 2360 2363 ἵππους,

535 2390 852 2469 Νέςτορος
897 2389 1141 2467 ἀγλαὸς
1189 2389 1355 2473 υἱός,
1401 2391 1796 2470 ὑπερθύμοιο
1841 2388 2153 2469 ἄνακτος,

412 2502 433 2524 ·
535 2496 654 2559 τοῦ
702 2490 1100 2573 Νηληιάδαο·
1147 2492 1578 2569 Πυλοιγενέες
1621 2492 1694 2557 δέ
1739 2491 1801 2557 οἱ
1841 2491 2030 2558 ἵπποι

534 2595 864 2661 ὠκύποδες
909 2596 1117 2675 φέρον
1164 2593 1346 2674 ἅρμα.
1436 2596 1644 2691 πατὴρ
1688 2594 1760 2658 δέ
1806 2592 1869 2657 οἱ
1912 2593 2059 2673 ἄγχι
2102 2595 2425 2672 παραςτὰς

363 2702 485 2762 305
531 2696 768 2775 μυθεῖτ’
812 2696 900 2763 εἰς
944 2695 1152 2773 ἀγαθὰ
1196 2695 1506 2776 φρονέων
1549 2696 1808 2762 νοέοντι
1854 2695 1954 2759 καὶ
1998 2693 2199 2775 αύτῷ·

709 2797 1038 2880 Ἀντίλοχ’,
1083 2798 1122 2878 ἦ
1167 2817 1269 2862 τοι
1312 2797 1428 2878 μέν
1475 2817 1541 2862 ce
1587 2797 1744 2863 νέον
1787 2817 1910 2876 περ
1955 2796 2149 2863 ἐόντα
2192 2796 2466 2877 φίληςαν

492 2967 560 3022 V.
595 2986 644 3020 L.
713 2971 815 3020 284
848 2966 908 3033 ἐρ
984 2966 1139 3019 έαται
1182 2965 1225 3019 1.
1269 2964 1418 3035 Lipe.
1463 2967 1701 3019 ἔςτατον
1733 2963 1855 3018 DH.
1904 2965 2140 3020 έςτατον
2175 2967 2242 3020 A.
2279 2994 2344 3003 —
2384 2972 2484 3020 285
2520 2968 2646 3021 ἀλλ’

357 3038 457 3102 ἄγε
493 3038 562 3103 δὴ
603 2981 981 3090 ςτὲλλεςθεἚ
1008 3030 1073 3085 Li
1114 3052 1158 3088 s.
1196 3050 1338 3088 κατα
1373 3032 1491 3087 AD.
1528 3063 1593 3072 -
1630 3037 1730 3088 286
1764 3032 1980 3088 ἵπποιςι
2019 3031 2081 3086 D.
2120 3035 2438 3101 κολλητοῖςι
2471 3034 2539 3088 Η.
2577 3066 2641 3074 -

355 3111 454 3158 287
491 3106 572 3159 ὡς
606 3103 671 3160 A.
708 3103 945 3170 ἄγερθεν
980 3100 1073 3155 AC
1126 3100 1262 3155 ΕΗΒ
1299 3101 1336 3155 S
1378 3120 1420 3156 r.
1458 3099 1619 3155 Vrat.
1655 3104 1722 3155 A.
1759 3100 1924 3156 Rom.
1964 3099 2147 3155 Schol.
2192 3103 2245 3156 Δ
2283 3107 2395 3159 182.
2444 3104 2489 3155 Θ
2527 3110 2641 3157 399.

356 3176 403 3228 Ψ
439 3179 521 3227 30.
558 3173 792 3236 έγερθεν
830 3168 924 3224 GL
958 3168 1099 3225 Mor.
1134 3164 1288 3224 Harl.
1375 3167 1539 3223 ownl.
1577 3167 1725 3235 Lips.
1749 3167 1896 3222 Flor.
1935 3203 1999 3213 -
2035 3173 2133 3222 288
2171 3173 2551 3237 πολυπρῶτος
2577 3171 2641 3229 D.

356 3242 633 3309 πρότερος
671 3238 725 3292 C.
765 3237 979 3293 ΑΝΑΞ’
1013 3236 1134 3307 Syr.
1170 3268 1237 3278 -
1273 3242 1372 3292 289
1409 3238 1687 3305 ἀδρήςτου
1723 3236 1889 3302 φίλος
1923 3234 1991 3294 D.
2035 3266 2100 3275 —
2146 3242 2245 3290 290
2287 3239 2377 3292 ἐπι
2424 3236 2535 3292 CD.
2585 3270 2637 3277 —

357 3314 451 3362 291
490 3307 735 3377 τρωιοὺς
770 3304 881 3359 AL.
917 3307 1161 3372 τρωϊοὺς
1186 3304 1256 3360 Η.
1294 3309 1541 3373 τρωῖους
1568 3303 1785 3368 Tanl.
1817 3305 2041 3372 τρωοὺς
2079 3302 2271 3358 CDEG
2301 3303 2422 3373 Syr.
2460 3304 2640 3366 Cram.

357 3375 540 3443 Epim.
574 3380 692 3448 407,
744 3381 820 3427 15.
869 3403 935 3414 —
980 3382 1079 3429 292
1124 3374 1304 3441 αὐτὰρ
1340 3372 1402 3426 Ε.
1454 3402 1498 3410 -
1559 3378 1661 3426 293
1706 3374 1774 3439 ἂρ
1819 3370 2036 3428 DGHL.
2092 3373 2422 3442 ἑπατρείδης
2471 3371 2536 3427 G.
2574 3405 2637 3414 —

352 3451 453 3499 295
487 3444 696 3497 τονεὸν
730 3439 797 3494 D.
834 3471 901 3480 —
936 3447 1036 3495 296
1071 3445 1206 3509 τὴνε
1243 3443 1317 3509 ἣν
1351 3440 1412 3495 Ε.
1462 3440 1781 3508 ἑγχεςιάδης
1817 3438 1875 3492 L.
1922 3469 1990 3479 --
2034 3446 2133 3494 297
2169 3441 2431 3496 ὐποϊλιον
2466 3439 2533 3495 D.
2572 3473 2637 3482 —

354 3518 453 3566 298
490 3513 668 3565 ἔδωκε
704 3507 949 3563 ACDEG
987 3509 1108 3578 Syr.
1144 3546 1207 3555 -
1244 3516 1343 3564 299
1379 3511 1597 3577 ἄφενον
1633 3508 1676 3562 L
1699 3506 1846 3576 Lips.
1886 3513 2006 3561 ναῖε
2029 3506 2096 3560 D.
2135 3538 2202 3548 —
2237 3516 2337 3565 300
2371 3513 2481 3574 τὴν
2505 3511 2640 3565 πόθ’

352 3579 415 3633 G.
454 3581 519 3634 ἐν
554 3580 660 3632 ἄλλ
749 3581 858 3643 τὴν
881 3578 1006 3632 τόθ’
1028 3583 1093 3632 A.
1131 3580 1271 3644 μετὰ
1307 3579 1516 3646 δρόμου
1552 3575 1624 3635 Η.
1662 3577 1978 3642 ἰχανόωςαν
2002 3574 2102 3628 AD
2136 3575 2256 3645 Syr.
2294 3576 2445 3646 quod
2470 3578 2637 3632 scribi

350 3647 511 3702 iubet
545 3644 610 3700 Gr.
703 3660 1002 3699 ermannus
1038 3645 1111 3700 ad
1145 3645 1342 3700 Aesoh.
1379 3644 1575 3715 Suppl.
1623 3651 1740 3703 816.
1777 3674 1840 3682 -
1887 3649 1988 3698 303
2023 3647 2384 3710 πυλοιγενέες
2420 3647 2485 3699 A.
2534 3663 2635 3699 πυ-

349 3750 628 3815 λοιγενέες
665 3746 764 3800 ΕΗ
809 3746 930 3816 Syr.
978 3746 1137 3801 Vrat.
1185 3746 1237 3802 d.
1282 3748 1628 3815 πυληγενέες
1678 3745 1910 3802 CDGLS
1955 3746 2101 3816 Lips.
2146 3711 2289 3804 Mn
2339 3748 2398 3801 et
2430 3746 2636 3816 Heynii

346 3816 490 3871 libri.
524 3833 612 3885 γρ.
653 3817 744 3870 καὶ
783 3817 1146 3880 παλαιγενέες
1183 3813 1363 3873 Schol.
1400 3816 1470 3875 V.
1518 3845 1583 3854 -
1629 3822 1729 3869 304
1775 3817 1847 3882 φέ
1885 3834 1953 3870 ον
1999 3816 2181 3870 omitt.
2229 3814 2349 3883 Syr.
2400 3825 2444 3872 1.
2481 3832 2632 3872 man.

348 3885 782 4019 EH3Q(}gcha‚
822 3884 1067 3952 φίληςαν
1101 3882 1176 3949 D,
1216 3884 1454 3939 diastole
1489 3889 1539 3938 2.
1577 3899 1724 3938 man.
1762 3884 1835 3936 ad
1878 3928 1891 3941 .
1936 3883 2109 3937 ceteri
2157 3885 2312 3938 ἐόντ’
2346 3884 2633 3952 ἑφίληςαν.

481 4088 544 4140 A.
584 4104 630 4145 c.
712 4088 959 4152 νεικείω,
1026 4089 1229 4147 πλείω.
1292 4088 1502 4152 πνείω,
1557 4089 1786 4156 ἐγχείω,
1854 4103 2095 4156 quorum
2146 4095 2183 4144 ἓ
2230 4088 2288 4142 in
2341 4094 2395 4145 ε“ι
2427 4088 2633 4157 produ-

351 4154 506 4207 citur.
553 4190 616 4199 -
662 4160 759 4210 287
795 4157 830 4209 ἄ
870 4160 1057 4223 ερθενε
1096 4158 1282 4211 οὕτως
1325 4156 1682 4223 ἀρίςταρχος,
1729 4158 1891 4211 ἄλλοι
1923 4159 1984 4212 δὲ
2021 4159 2251 4227 ἔγερθεν
2286 4156 2632 4225 Didymus.

350 4221 497 4275 male
550 4221 791 4277 alterum
831 4173 1019 4280 gobel.
1070 4226 1130 4281 A.
1185 4226 1374 4279 οὕτως
1418 4225 1652 4292 ἐγερθεν
1698 4227 1786 4279 διὰ
1814 4231 1934 4302 ,τοῦ
1969 4230 2004 4280 ἒ
2049 4227 2105 4281 αἱ
2153 4227 2528 4292 Ἀριςτάρχου.
2567 4256 2630 4264 -

349 4296 440 4343 291
481 4292 729 4409 ‘rifi-'000
777 4294 857 4346 ὡς
901 4293 1149 4347 πολλοὺς
1195 4293 1524 4357 ἀνεγνώςθη
1569 4292 2026 4347 Herodianus.
2070 4294 2141 4347 de
2186 4295 2306 4347 iota
2348 4293 2630 4361 adscripto

350 4358 492 4412 conf.
585 4398 597 4412 .
634 4357 701 4412 U.
740 4364 854 4412 214.
892 4360 929 4414 Ε
966 4365 1080 4414 461.
1117 4361 1174 4415 Π
1211 4366 1328 4415 393.
1367 4360 1406 4414 Ρ
1446 4366 1558 4414 127.
1595 4366 1711 4414 256.
1748 4361 1786 4415 C
1827 4365 1939 4418 179.
