3144 5006
1278 448 1611 506 ΙΛΙΑΔΟΕ
1673 447 1847 502 XVII.
2570 444 2689 508 167

572 604 844 684 ἀφνειός
887 606 941 669 τ’
984 603 1226 681 ἀγαθός
1269 623 1372 669 τε·
1415 604 1680 682 μάλιςτα
1725 604 1796 667 δέ
1841 624 1945 682 μιν
1990 602 2120 666 τίεν
2165 600 2408 679 Ἕκτωρ

569 707 808 790 δήμου,
856 706 993 771 ἐπεί
1038 706 1098 771 οἱ
1143 706 1401 785 ἑταῖρος
1445 705 1559 784 ἔην
1605 707 1800 786 φίλος
1845 703 2317 781 εἰλαπιναςτής·

567 809 684 873 τόν
730 807 812 887 ῥα
854 810 1016 874 κατὰ
1060 811 1345 887 ζωςτῆρα
1393 807 1547 888 βάλε
1592 809 1826 872 ξανθὸς
1875 805 2212 871 Μενέλαος

571 910 832 976 ἀίξαντα
875 911 1091 990 φόβον
1136 911 1241 990 δέ,
1288 910 1396 975 διὰ
1438 911 1567 989 πρὸ
1615 911 1686 974 δὲ
1730 909 1974 987 χαλκὸν
2020 906 2270 971 ἔλαςςε·

403 1018 528 1078 580
572 1013 894 1090 δούπηςεν
939 1014 1009 1077 δὲ
1054 1014 1291 1077 πεςών.
1380 1010 1541 1090 ἀτὰρ
1587 1009 1901 1090 Ἀτρείδης
1949 1009 2286 1073 Μενέλαος

576 1114 809 1193 νεκρὸν
854 1114 962 1178 ὑπ’
1007 1114 1076 1178 ἐκ
1120 1115 1367 1194 Τρώων
1413 1113 1634 1193 ἔρυςεν
1681 1113 1836 1191 μετὰ
1879 1111 2068 1176 ἔθνος
2113 1110 2402 1189 ἑταίρων.

743 1216 1016 1295 Ἕκτορα
1060 1218 1118 1281 δ’
1162 1216 1430 1292 ἐγγύθεν
1474 1214 1806 1293 ἱςτάμενος
1850 1213 2139 1290 ὤτρυνεν
2184 1212 2544 1288 Ἀπόλλων,

573 1317 851 1390 Φαίνοπι
894 1317 1146 1402 Ἀςιάδῃ
1192 1317 1579 1393 ἐναλίγκιος,
1627 1316 1701 1381 ὅς
1748 1314 1811 1381 οἱ
1855 1314 2161 1380 ἁπάντων

569 1420 795 1485 ξείνων
837 1421 1145 1502 φίλτατος
1190 1419 1403 1503 ἔςκεν,
1448 1420 1742 1500 Ἀβυδόθι
1787 1418 1952 1483 οἰκία
1995 1415 2226 1481 ναίων·

399 1526 522 1584 585
570 1521 685 1606 [τῷ
729 1543 832 1602 μιν
878 1521 1238 1602 ἐειςάμενος
1285 1523 1579 1603 προςέφη
1626 1522 1931 1600 ἑκάεργος
1975 1517 2335 1600 Ἀπόλλων]

741 1625 999 1703 Ἕκτορ,
1044 1624 1135 1690 τίς
1180 1625 1248 1689 κέ
1294 1626 1346 1688 ς’
1390 1625 1478 1689 ἔτ’
1523 1624 1723 1689 ἄλλος
1769 1624 2045 1701 Ἀχαιῶν
2091 1621 2489 1699 ταρβήςειεν;

570 1724 715 1790 οἷον
761 1729 837 1807 δὴ
886 1727 1227 1792 Μενέλαον
1270 1725 1648 1809 ὑπέτρεςας,
1694 1727 1767 1790 ὃς
1811 1727 1887 1790 τὸ
1933 1723 2141 1803 πάρος
2186 1742 2310 1800 περ

568 1829 888 1906 μαλθακὸς
931 1827 1262 1907 αἰχμητής·
1310 1831 1432 1893 νῦν
1476 1829 1534 1892 δ’
1578 1827 1821 1907 οἴχεται
1865 1825 2009 1891 οἶος
2054 1826 2272 1904 ἀείρας

565 1930 803 2008 νεκρὸν
849 1930 958 1995 ὑπ’
1002 1930 1071 1994 ἐκ
1113 1930 1391 2012 Τρώων,
1436 1930 1550 1994 ςὸν
1598 1930 1654 1993 δ’
1699 1928 1921 1994 ἔκτανε
1967 1927 2191 1993 πιςτὸν
2234 1925 2529 2007 ἑταῖρον,

403 2036 527 2096 590
570 2031 795 2097 ἑςθλὸν
840 2031 936 2097 ἑνὶ
978 2031 1389 2113 προμάχοιςι,
1433 2032 1692 2114 Ποδῆν,
1739 2032 1883 2097 υἱὸν
1927 2030 2290 2095 Ἠετίωνος.

745 2133 837 2197 ὣς
881 2133 1088 2214 φάτο,
1131 2133 1249 2198 τὸν
1295 2132 1353 2197 δ’
1395 2132 1591 2213 ἄχεος
1636 2134 1878 2213 νεφέλη
1926 2133 2210 2210 ἐκάλυψε
2256 2130 2556 2212 μέλαινα,

570 2238 644 2315 βῆ
692 2235 762 2300 δὲ
809 2235 912 2300 διὰ
954 2235 1314 2314 προμάχων
1360 2236 1827 2317 κεκορυθμένος
1873 2234 2093 2300 αἴθοπι
2136 2235 2375 2316 χαλκῷ.

568 2338 670 2401 καὶ
713 2336 847 2401 τότ’
888 2335 1015 2416 ἄρα
1062 2338 1369 2417 Κρονίδης
1415 2339 1577 2404 ἕλετ’
1621 2338 1831 2414 αἰγίδα
1875 2336 2335 2402 θυςςανόεςςαν

565 2439 965 2520 μαρμαρέην,
1010 2440 1179 2521 Ἴδην
1226 2442 1297 2506 δὲ
1342 2441 1501 2506 κατὰ
1544 2440 1837 2522 νεφέεςςι
1879 2439 2208 2519 κάλυψεν,

399 2546 521 2603 595
567 2541 896 2622 ἀςτράψας
940 2546 1010 2608 δὲ
1056 2543 1224 2621 μάλα
1268 2543 1489 2623 μεγάλ’
1533 2544 1794 2615 ἔκτυπε,
1833 2543 1957 2621 ,τὴν
2003 2543 2074 2606 δὲ
2117 2541 2359 2606 τίναξε·

572 2645 752 2722 νίκην
798 2646 870 2710 δὲ
914 2645 1186 2723 Τρώεςςι
1230 2645 1452 2728 δίδου,
1499 2645 1779 2727 ἐφόβηςε
1824 2644 1881 2709 δ’
1925 2643 2235 2723 Ἀχαιούς.

744 2752 1006 2824 πρῶτος
1048 2748 1396 2827 Πηνέλεως
1442 2748 1749 2812 Βοιώτιος
1793 2747 1949 2826 ἦρχε
1994 2745 2253 2827 φόβοιο.

565 2851 760 2927 βλῆτο
807 2849 929 2928 γὰρ
976 2847 1156 2927 ὦμον
1203 2850 1386 2929 δουρὶ
1431 2851 1654 2929 πρόςω
1697 2849 2128 2928 τετραμμένος
2171 2844 2322 2928 αἰεί,

567 2949 770 3030 ἄκρον
816 2950 1178 3030 ἐπιλίγδην·
1223 2952 1477 3032 γράψεν
1524 2953 1598 3023 δέ.
1641 2951 1705 3015 οἱ
1747 2950 1978 3016 ὀςτὲον
2024 2949 2205 3029 ἄχρις

527 3186 594 3240 V.
633 3205 682 3239 ι..
753 3192 852 3241 576
894 3205 959 3242 τε
1007 3189 1187 3246 omitt.
1224 3190 1293 3246 A.
1348 3194 1473 3243 τῖεν
1518 3186 1583 3241 G.
1637 3218 1703 3227 —
1756 3193 1855 3240 577
1910 3148 2083 3251 δὴμίιῖιιι1
2118 3182 2184 3248 D,
2240 3200 2308 3236 ου
2344 3189 2394 3238 2.
2430 3200 2577 3241 man.
2615 3214 2678 3223 --

398 3258 499 3308 578
533 3259 641 3309 τὸν
677 3257 747 3321 ῥὰ
785 3255 893 3312 DL.
933 3273 1076 3310 κατα
1113 3256 1177 3315 G.
1214 3259 1455 3325 ζωςτῆρ’
1489 3258 1655 3322 ἔβαλε
1691 3255 1742 3308 Η
1778 3255 1931 3312 Vrat.
1970 3254 2024 3307 d.
2062 3284 2123 3293 —
2164 3257 2263 3307 579
2299 3252 2482 3318 φόβον
2518 3254 2580 3306 δὲ
2614 3252 2681 3311 A.

394 3324 485 3376 διὰ
520 3324 634 3390 πρὸ
673 3323 737 3375 G.
774 3326 979 3391 δῖὰτιρο
1005 3323 1045 3378 C
1082 3326 1258 3379 ceteri
1294 3326 1512 3393 διαπρὸ.
1548 3327 1740 3380 ἔλαςςε
1766 3323 1930 3379 ACH.
1969 3324 2129 3378 ἐλαςε
2166 3319 2286 3375 DG.
2324 3349 2389 3359 -
2425 3325 2525 3374 580
2559 3323 2683 3374 δοὺ-

399 3407 539 3457 πηςε
575 3389 639 3445 1).
677 3421 744 3430 —
779 3397 873 3445 581
914 3394 1014 3445 ὑπ’
1049 3393 1111 3446 ἐκ
1148 3393 1458 3448 ACDGHL.
1496 3396 1706 3463 τρῲων
1741 3392 1796 3449 L.
1835 3394 1992 3459 ἔρυςε
2028 3390 2094 3444 D.
2135 3419 2190 3428 --
2233 3394 2331 3443 583
2367 3388 2591 3459 ἀςςίάδῃ
2619 3388 2680 3441 L.

399 3489 459 3527 ἡ
498 3464 599 3512 584
634 3459 803 3512 οίκίαι
840 3461 906 3512 A.
934 3490 997 3499 —
1026 3466 1128 3515 585
1165 3462 1347 3519 omitt.
1385 3462 1475 3517 AC
1520 3470 1560 3518 1.
1600 3477 1747 3518 man.
1783 3459 1972 3531 Frgm.
1999 3458 2169 3513 Mose.
2207 3455 2417 3510 Townl.
2463 3466 2505 3514 1.
2532 3473 2680 3516 man.

397 3527 654 3595 προςέφη
694 3529 810 3581 διὸς
845 3528 967 3583 υίὸς
1003 3529 1278 3583 ἀπόλλων
1314 3529 1366 3582 Η
1402 3529 1556 3583 Vrat.
1599 3528 1649 3586 d.
1696 3560 1760 3568 ——
1807 3534 1906 3583 586
1943 3530 2129 3595 ἕκτυ·ρ
2164 3526 2323 3582 Vrat.
2360 3525 2414 3578 d.
2461 3527 2547 3582 τίς
2583 3528 2682 3581 κέν

402 3596 454 3649 ς’
489 3596 658 3649 ἄλλος
694 3595 762 3648 Η.
799 3625 860 3634 -
902 3602 1001 3650 587
1037 3598 1376 3665 ὑπέτρεςςας
1413 3597 1479 3654 Η.
1519 3598 1770 3665 τοπάρος
1806 3596 1863 3650 L.
1902 3597 2079 3663 πάροε
2116 3613 2179 3662 γε
2206 3598 2270 3661 Α,
2309 3593 2455 3647 conf.
2497 3596 2539 3647 Ν
2566 3600 2683 3652 465.

394 3663 439 3718 O
481 3667 600 3718 256.
641 3693 704 3702 -
742 3668 842 3717 589
878 3666 979 3718 ὑπ’
1013 3666 1075 3718 ἐκ
1123 3663 1435 3719 ACDGHL.
1480 3668 1692 3735 τρῲων
1738 3665 1796 3718 L.
1841 3695 1904 3704 -—
1951 3671 2051 3718 590
2086 3665 2168 3718 ἑνι
2205 3663 2273 3721 A.
2318 3665 2683 3728 προμάχοιςιν

395 3729 460 3784 G.
502 3733 689 3797 ποδὴν
726 3731 784 3786 C.
821 3762 885 3771 -
923 3738 1019 3786 591
1060 3734 1140 3787 ὡς
1175 3736 1240 3787 A.
1278 3734 1443 3799 ἄχεος
1482 3737 1696 3799 μεγάλη
1733 3733 2015 3800 ἐκάλυψεν
2051 3733 2223 3798 ἀχλύς
2261 3732 2319 3785 C.
2354 3760 2422 3769 —
2459 3737 2558 3783 592
2594 3734 2683 3785 δια

387 3797 512 3852 ΑΗ.
552 3829 616 3837 -
666 3805 766 3853 593
812 3801 1184 3856 θυςανόεςςαν
1225 3799 1415 3856 DEGS
1460 3801 1608 3870 Lips.
1652 3800 1796 3857 Flor.
1842 3800 2004 3854 Rom.
2055 3829 2118 3839 —
2162 3806 2262 3854 594
2307 3814 2449 3852 κατα
2482 3798 2680 3853 ACDG

390 3866 507 3920 HL.
544 3901 611 3911 —
647 3875 747 3922 595
784 3867 815 3901 *
852 3871 913 3923 δὲ
947 3870 1164 3924 τίναξεε
1211 3871 1261 3923 δ’
1306 3870 1522 3925 ἐτίναξε
1559 3868 1773 3924 ACDG.
1819 3898 1884 3908 —
1929 3873 2030 3923 596
2074 3871 2308 3936 τρῴεςςι
2353 3866 2415 3921 L.
2464 3867 2679 3935 φόβηςε

388 3933 458 3987 Η.
500 3964 559 3974 --
599 3940 698 3989 597
736 3941 965 4002 πρῶτος
990 3938 1052 3992 δὲ
1077 3935 1142 3993 D.
1183 3940 1318 4004 ἦρχε
1353 3936 1645 3993 ACDEHL
1681 3936 1836 3990 Harl.
1863 3935 2076 3990 Townl.
2113 3936 2301 4006 Frgm.
2326 3932 2496 3993 Mose.
2523 3934 2680 3990 Vrat.

388 4003 456 4056 A.
508 4003 642 4069 ἦρξε
688 4001 776 4057 GS
832 4003 981 4059 Flor.
1040 4036 1101 4044 —-
1156 4010 1257 4059 598
1303 4007 1529 4072 πρόςςω
1578 4006 1618 4060 C
1665 4005 1822 4059 Vrat.
1875 4007 1936 4057 A.
1991 4035 2052 4044 —
2110 4010 2210 4059 599
2246 4005 2339 4059 ἐπὶ
2376 4004 2572 4071 λίγδην
2610 4002 2677 4060 D.

389 4070 720 4139 ἑπιλλίγδην
759 4071 795 4125 S
833 4070 991 4126 Cant.
1030 4073 1211 4141 γράψε
1253 4073 1348 4127 DE
1385 4073 1472 4127 Et.
1506 4074 1619 4144 ΜΒ.
1659 4078 1777 4140 361,
1815 4079 1897 4127 50.

525 4278 589 4329 A.
630 4294 679 4329 c.
753 4282 852 4354 ⁵8?
876 4275 1192 4355 Zeno-dotus
1227 4277 1467 4344 Ἕκτορα
1492 4278 1553 4330 δὲ
1591 4278 1771 4346 φρένα
1796 4279 1910 4333 δῖος
1936 4278 2226 4356 (θοῦροςῆ)
2264 4281 2435 4347 Ἀρης
2474 4280 2677 4345 ὄτρυνε

386 4345 768 4477 ssgzdizffi'gdg
757 4344 1033 4465 1ζιιειῗίιοιιι
1051 4361 1183 4402 cue.
1210 4374 1272 4383 —-
1314 4352 1413 4399 590
1437 4345 1592 4399 υίὸνε
1630 4346 1705 4400 υἷ’
1731 4344 2020 4400 Bentleme
2041 4362 2109 4400 ex
2136 4346 2276 4399 coni.
2318 4379 2379 4387 --
2418 4353 2517 4401 595
2541 4350 2675 4413 τὴνε
