3144 5006
1314 443 1642 499 ΙΛΙΑΔΟΕ
1689 440 1840 497 VIII.
2458 481 2464 486 ·
2594 439 2717 504 227

605 599 730 671 τόν,
766 598 823 678 ῥ’
867 599 933 664 ἐξ
976 597 1319 677 Αἰςύμηθεν
1364 595 1719 677 ὀπυιομένη
1763 597 1901 662 τέκε
1945 595 2166 677 μήτηρ,

440 707 564 766 305
608 701 768 799 καλὴ
818 699 1255 781 Καςτιάνειρα,
1300 700 1494 779 δέμας
1537 698 1740 763 εἰκυῖα
1782 704 1971 783 θεῇςι.

612 803 828 882 μήκων
873 802 931 867 δ’
974 802 1062 866 ὣς
1106 800 1374 880 ἑτέρωςε
1420 801 1580 880 κάρη
1627 799 1853 881 βάλεν,
1898 798 1938 877 ἥ
1982 800 2037 863 τ’
2080 799 2175 863 ἑνὶ
2219 799 2423 884 κήπῳ,

606 909 830 990 καρπῷ
877 902 1216 984 βριθομένη
1259 901 1497 986 νοτίςῃί
1541 923 1612 967 τε
1656 900 2026 985 εἰαρινῇςιν·

478 1020 516 1047 ²
608 1005 697 1070 ὣς
743 1004 996 1085 ἑτέρως’
1037 1005 1232 1084 ἤμυεε
1276 1003 1434 1083 κάρη
1481 1004 1710 1082 πήληκι
1757 1003 2087 1083 βαρυνθέν.

776 1107 1057 1186 Τεῦκρος
1102 1106 1160 1171 δ’
1202 1105 1407 1172 ἄλλον
1451 1105 1667 1171 ὀιςτὸν
1712 1104 1843 1169 ἀπὸ
1888 1107 2202 1185 νευρῆφιν
2245 1102 2467 1169 ἴαλλεν

442 1214 567 1272 310
608 1209 911 1288 Ἕκτορος
955 1207 1247 1290 ἀντικρύ,
1295 1207 1544 1288 βαλέειν
1589 1206 1660 1271 δέ
1705 1205 1735 1271 ἑ
1775 1205 1913 1271 ἵετο
1959 1205 2174 1284 θυμός.

610 1310 752 1375 ἀλλ’
794 1309 832 1374 ὅ
876 1329 950 1387 γε
996 1309 1100 1374 καὶ
1139 1308 1275 1374 τόθ’
1303 1308 1586 1390 ἅμαρτε·
1631 1307 2041 1389 παρέςφηλεν
2084 1308 2209 1386 γὰρ
2252 1306 2616 1373 Ἀπόλλων·

611 1411 753 1477 ἀλλ’
795 1410 1339 1493 Ἀρχεπτόλεμον,
1383 1411 1620 1489 θραςὺν
1664 1410 1971 1489 Ἕκτορος
2016 1410 2308 1492 ἡνιοχῆα,
2550 1442 2555 1447 ·

609 1512 867 1594 ἱέμενον
911 1512 1200 1594 πόλεμον
1243 1513 1314 1577 δὲ
1362 1511 1514 1592 βάλε
1561 1514 1793 1590 ςτῆθος
1833 1512 2008 1591 παρὰ
2050 1512 2277 1590 μαζόν·

610 1614 799 1693 ἤριπε
843 1614 900 1678 δ’
942 1614 1009 1699 ἐξ
1053 1612 1296 1697 ὀχέων,
1339 1612 1720 1693 ὑπερώηςαν
1767 1612 1838 1679 δέ
1883 1612 1945 1677 οἱ
1983 1611 2173 1678 ἵπποι

443 1721 566 1778 315
612 1714 974 1781 ὠκύποδες·
1017 1719 1135 1780 τοῦ
1181 1716 1239 1781 δ’
1282 1714 1426 1780 αὖθι
1473 1715 1632 1793 λύθη
1679 1715 1855 1795 ψυχή
1900 1736 1969 1779 τε
2015 1715 2209 1793 μένος
2252 1733 2343 1778 τε.

609 1817 883 1897 Ἕκτορα
907 1814 983 1882 ’δ’
1027 1816 1213 1883 αἰνὸν
1258 1815 1418 1898 ἄχος
1462 1818 1701 1882 πύκαςε
1745 1816 1992 1896 φρένας
2033 1815 2347 1894 ἡνιόχοιο.

611 1919 727 1984 τὸν
772 1921 888 2000 μὲν
932 1917 1129 1984 ἔπειτ’
1172 1917 1338 1983 εἴαςε
1383 1918 1484 1983 καὶ
1527 1916 1886 1998 ἀχνύμενός
1929 1937 2052 1996 περ
2097 1916 2372 1999 ἑταίρου,

615 2020 962 2102 Κεβριόνην
1006 2021 1065 2086 δ’
1104 2020 1432 2101 ἐκέλευςεν
1477 2019 1805 2098 ἀδελφεὸν
1850 2019 2040 2096 ἐγγὺς
2085 2017 2280 2084 ἐόντα

609 2122 830 2187 ἵππων
873 2121 997 2200 ἡνί’
1041 2121 1244 2187 ἑλεῖν·
1294 2123 1330 2186 ὃ
1379 2122 1435 2187 δ’
1477 2120 1579 2200 ἄρ’
1623 2121 1742 2186 οὐκ
1785 2119 2087 2198 ἀπίθηςεν
2133 2117 2423 2184 ἀκούςας.

448 2228 588 2288 320·
615 2224 810 2290 αὐτὸς
852 2224 914 2288 δ’
953 2223 1023 2289 ἐκ
1068 2225 1328 2304 δίφροιο
1373 2223 1563 2304 χαμαὶ
1607 2222 1758 2300 θόρε
1803 2221 2326 2303 παμφανόωντος

617 2325 965 2406 ςμερδαλέα
1009 2324 1239 2406 ἰάχων·
1286 2326 1325 2390 ὃ
1370 2326 1443 2389 δὲ
1487 2324 1834 2404 χερμάδιον
1882 2323 2035 2404 λάβε
2081 2322 2262 2405 χειρί,

616 2430 691 2507 βῆ
738 2427 796 2490 δ’
837 2425 971 2497 ἰθὺς
1015 2426 1333 2512 Τεύκρου,
1381 2425 1632 2507 βαλέειν
1675 2425 1747 2490 δέ
1792 2424 1822 2489 ἑ
1866 2424 2063 2506 θυμὸς
2107 2424 2362 2500 ἀνώγει.

614 2527 653 2606 ἦ
696 2549 796 2594 τοι
841 2529 880 2593 ὃ
926 2532 1040 2609 μὲν
1086 2528 1407 2609 φαρέτρης
1450 2526 1724 2594 ἐξείλετο
1769 2529 2001 2607 πικρὸν
2046 2527 2283 2611 ὀιςτόν,

615 2634 764 2709 θῆκε
809 2631 865 2694 δ’
910 2630 1012 2696 ἐπὶ
1053 2636 1281 2714 νευρῇ·
1325 2630 1442 2696 τὸν
1487 2629 1544 2695 δ’
1590 2627 1670 2695 αὖ
1716 2629 2137 2708 κορυθαίολος
2164 2630 2424 2709 ’Ἕκτωρ

448 2736 570 2795 325
615 2731 973 2812 αὐερύοντα
1015 2732 1167 2810 παρ’
1211 2732 1425 2814 ὦμον,
1473 2730 1575 2796 ὅθι
1619 2731 1796 2810 κληὶς
1832 2730 2157 2810 ἀποέργει,

618 2833 856 2913 αὐχένα
899 2853 965 2898 τε
1011 2832 1235 2912 ςτῆθός
1277 2853 1379 2918 τε,
1423 2834 1684 2914 μάλιςτα
1729 2834 1799 2898 δὲ
1842 2830 2089 2912 καίριόν
2133 2831 2281 2914 ἐςτι,

807 2992 850 2999 *—

582 3068 652 3124 V.
687 3089 735 3123 L.
787 3075 890 3124 304
923 3070 1102 3124 ἐξαιςύ
1144 3072 1282 3137 ηθεν
1306 3071 1370 3123 A.
1411 3069 1704 3136 ὀπυομένη
1739 3065 1857 3122 DG.
1897 3068 2190 3136 ὁπηομένη
2215 3066 2275 3120 L.
2312 3102 2375 3112 —-
2412 3074 2511 3122 305
2547 3067 2731 3123 οἰκυῑα
2814 3123 2817 3124 ⁷

448 3136 514 3191 G.
550 3141 704 3206 θεῇςι
739 3135 939 3192 ACDH
973 3139 1097 3206 Apo
1146 3184 1157 3194 .
1195 3136 1323 3190 Lex.
1360 3142 1442 3204 63,
1481 3145 1562 3192 30.
1604 3138 1745 3203 καλὴ
1775 3137 2093 3192 Καςςιέπεια
2130 3140 2278 3190 θεοῖς
2314 3136 2481 3202 δέμας
2518 3136 2730 3191 ἐοικυῖα

448 3204 773 3259 Athenaeus
806 3203 955 3270 XIV,
991 3211 1114 3270 632,
1159 3203 1256 3273 qui
1301 3203 1498 3259 laudat
1537 3205 1689 3258 huno
1724 3219 1947 3257 versum
1991 3205 2058 3256 ut
2102 3205 2376 3272 μείουρον.
2412 3221 2480 3256 ⁴.—
2515 3209 2613 3258 306
2651 3206 2729 3261 ὣς

449 3271 719 3326 ACDEH:
758 3271 856 3326 alii
890 3273 985 3328 ὡς.
1023 3273 1201 3340 κάρην
1238 3271 1302 3325 G.
1347 3275 1429 3326 ἐνι
1465 3274 1529 3326 A.
1575 3302 1638 3313 -
1675 3276 1803 3338 306,
1841 3277 1939 3326 307
1976 3272 2157 3327 omitt.
2192 3270 2253 3324 L.
2301 3308 2365 3317 —
2411 3277 2510 3326 308
2547 3273 2625 3327 ώς
2663 3273 2729 3328 Α.

448 3343 652 3407 ἢμυςςε
687 3339 731 3394 L
776 3357 844 3394 ex
890 3356 1027 3394 corr.
1074 3371 1136 3379 ——
1183 3346 1283 3394 309
1327 3341 1441 3395 ἀπο
1484 3342 1551 3394 A.
1595 3346 1872 3429 νευρῇφιν
1917 3339 2024 3394 ΟΕ.
2072 3345 2375 3409 νευρῆςφιν
2421 3339 2488 3394 G.
2530 3371 2595 3380 —
2632 3347 2725 3395 311

450 3426 773 3492 παρέςφηλε
810 3423 856 3476 Ε
891 3430 1008 3490 714,
1043 3430 1109 3478 20
1145 3422 1210 3478 G.
1244 3454 1312 3463 —
1347 3430 1445 3478 313
1479 3426 1709 3490 ἰ’έμενον
1745 3426 1808 3477 A.
1842 3425 2070 3491 ’ἱέμενον
2107 3423 2176 3477 Η.
2226 3426 2549 3490 νιςςόμενον
2585 3424 2634 3478 D
2673 3426 2733 3479 et

447 3508 595 3545 man.
641 3507 747 3546 ree.
790 3509 876 3559 γρ.
921 3494 1016 3585 καὶ.
1059 3491 1296 3579 ἰέμενρν.
1340 3493 1595 3558 πόλεμον
1642 3492 1803 3610 δὲΙιιλ.
1849 3522 1914 3531 -
1960 3497 2060 3546 318
2106 3493 2420 3574 ἐκέλευςενε
2470 3495 2732 3548 ἐκάλεςεν

447 3558 709 3695 5233.ss
742 3557 1788 3694 3².¹avz.{h⁹ssff⁶afffl‘}¹ss¹v¹‘ffl⁹f‘}23
1814 3559 1996 3695 2⁹..ss
2025 3589 2090 3682 Ξ
2126 3559 2733 3726 ῗὲᾈὲιδὲοξιρζιόῖἓὲ

449 3729 515 3786 A.
552 3729 917 3796 κορυθαιόλος
940 3727 1003 3783 Ε.
1038 3758 1108 3768 -
1141 3734 1241 3783 325
1275 3728 1594 3795 αὐερύοντα
1617 3730 1680 3783 A.
1718 3729 1789 3782 αὖ
1824 3730 2061 3796 ἐρύοντα
2087 3729 2127 3784 C
2154 3732 2215 3782 et
2236 3744 2406 3798 supra
2436 3745 2581 3784 man.
2620 3745 2729 3783 reo.

448 3848 534 3897 γρ.
571 3828 805 3884 DEGLS
841 3831 912 3885 αὖ
948 3830 1202 3898 ἐρύοντα.
1241 3829 1281 3884 ο
1319 3797 1495 3898 οἷον.
1533 3860 1599 3870 -
1636 3835 1735 3885 326
1766 3797 1889 3885 ῖῦέ
1918 3828 2133 3887 Acon.
2170 3831 2285 3885 ιετι
2320 3830 2384 3884 G.

587 4033 650 4087 A.
685 4050 733 4111 ,⁰-
786 4038 885 4088 304
920 4032 1244 4101 ἀρίςταρχος
1281 4034 1648 4154 αἰςύμνιὲθεν,
1687 4035 1777 4088 καὶ
1813 4036 1849 4099 ή
1886 4035 2195 4102 ζηνοδότου
2231 4035 2322 4087 καὶ
2359 4036 2394 4100 ἡ
2432 4033 2731 4101 ἀριςτοφά-

448 4118 585 4156 νους
621 4100 968 4176 Βιᾴγιιιυε.
1004 4102 1315 4167 Αἰςύνηθεν
1355 4105 1474 4168 (mc)
1531 4102 1586 4155 ιὰ
1608 4106 1713 4155 τοῠ
1756 4109 1797 4153 V
1834 4106 1925 4155 καὶ
1962 4102 2018 4155 αἱ
2039 4103 2368 4168 Ζηνοδότου
2404 4105 2494 4155 καὶ
2530 4104 2565 4167 ὴ
2596 4103 2733 4168 Ἀρι·

447 4171 784 4236 ςτοφάνους.
822 4171 879 4223 ἐξ
919 4169 1228 4236 Αἰςύμηθεν
1263 4171 1396 4224 ἴςως
1431 4174 1534 4236 τῆς
1562 4170 1774 4236 Νιρέως
1801 4170 1988 4237 ζύμης
2015 4171 2081 4236 (Β
2107 4170 2248 4236 671).
2287 4169 2341 4222 οἳ
2375 4170 2437 4222 δὲ
2471 4168 2732 4237 αὶςύμνη-

446 4243 578 4304 θεν,
625 4239 741 4291 ἀπὸ
788 4240 1064 4302 βαςιλικοθ
1110 4239 1310 4304 γένους
1357 4235 1538 4290 Schol.
1584 4235 1651 4290 V.
1704 4273 1770 4280 -
1822 4242 1918 4290 311
1965 4239 2132 4303 διχῶς
2175 4237 2301 4290 ἀλλ’
2346 4239 2444 4303 ὅγε
2489 4242 2593 4291 τοῦ
2632 4239 2734 4303 μὲν

447 4307 665 4372 ἅμαρτε
714 4309 803 4358 καὶ
847 4307 973 4359 ἀλλ’
1014 4308 1112 4370 ὅγε
1158 4308 1249 4359 καὶ
1292 4307 1414 4358 τόθ’
1458 4306 1671 4372 ἅμαρτε
1708 4304 2052 4372 Didymae.
2092 4335 2151 4343 --
2200 4310 2299 4359 325
2335 4306 2523 4361 οὕτως
2561 4309 2732 4373 χωρὶς

449 4377 558 4429 τοῦ
594 4374 616 4427 ῑ
651 4373 918 4440 ἀποέργει
956 4372 1139 4431 Schol.
1180 4372 1245 4425 V.
2601 4417 2606 4424 .

2226 4458 2330 4513 15*
