3144 5006
496 426 625 491 254
1400 428 1738 485 ΙΛΙΑΔΟ(
1796 429 1864 484 Φ.

664 583 936 663 Ἴμβριος
981 584 1279 669 Ἠετίων,
1322 585 1580 667 πέμψεν
1625 588 1683 652 δ’
1726 587 1793 653 ἐς
1836 576 1980 653 δῖαν
2025 586 2341 666 Ἀρίςβην·

664 684 854 752 ἔνθεν
900 685 1431 768 ὑπεκπροφυγὼν
1475 690 1807 769 πατρώιον
1848 689 2025 755 ἵκετο
2068 693 2267 768 δῶμα.

540 791 624 849 45
669 787 898 854 ἕνδεκα
943 790 1000 854 δ’
1041 789 1251 870 ἤματα
1294 791 1496 871 θυμὸν
1540 790 1846 870 ἐτέρπετο
1892 791 2013 857 οῐςι
2056 791 2333 873 φίλοιςιν

666 888 877 956 ἐλθὼν
922 891 990 956 ἐκ
1033 892 1349 970 Λήμνοιο·
1396 893 1768 977 δυωδεκάτῃ
1815 894 1887 959 δέ
1933 914 2037 972 μιν
2080 892 2258 958 αὖτις

669 994 882 1071 χερςὶν
928 993 1260 1072 Ἀχιλλῆος
1303 994 1454 1060 θεὸς
1495 993 1804 1078 ἔμβαλεν,
1850 994 1925 1060 ὅς
1968 1016 2073 1075 μιν
2116 995 2342 1074 ἔμελλε

667 1094 947 1174 πέμψειν
991 1094 1082 1161 εἰς
1125 1095 1340 1161 Ἀίδαο
1385 1096 1486 1160 καὶ
1531 1096 1674 1162 οὐκ.
1696 1097 2007 1163 ἐθέλοντα
2049 1097 2316 1162 νέεςθαι.

668 1196 786 1262 τὸν
832 1196 891 1261 δ’
934 1195 1026 1261 ὡς
1072 1195 1193 1263 οὖν
1240 1196 1465 1278 ἐνόηςε
1509 1199 1838 1279 ποδάρκης
1882 1202 2022 1265 δῖος
2065 1199 2401 1281 Ἀχιλλεὺς,

541 1301 624 1362 50
665 1299 947 1382 γυμνόν,
993 1297 1145 1379 ἄτερ
1188 1299 1463 1379 κόρυθός
1504 1320 1575 1365 τε
1618 1302 1723 1366 καὶ
1765 1299 2063 1384 ἀςπίδος,
2109 1299 2247 1365 οὐδ’
2290 1300 2437 1379 ἔχεν
2483 1302 2718 1383 ἔγχος,

666 1398 834 1465 ἀλλὰ
877 1400 956 1465 τὰ
999 1400 1117 1481 μέν
1163 1400 1220 1480 ῥ’
1262 1399 1397 1467 ἀπὸ
1442 1401 1655 1467 πάντα
1698 1403 1891 1483 χαμαὶ
1936 1402 2119 1484 βάλε·
2162 1405 2330 1482 τεῖρε
2372 1405 2498 1481 γὰρ
2540 1401 2742 1482 ἱδρὼς

668 1501 980 1582 φεύγοντ’
1023 1502 1092 1567 ἐκ
1135 1506 1460 1583 ποταμοῦ,
1505 1503 1785 1582 κάματος
1827 1504 1884 1568 δ’
1928 1504 2059 1569 ὑπὸ
2099 1504 2365 1581 γούνατ’
2407 1503 2683 1585 ἐδάμνα·

669 1602 947 1684 ὀχθήςας
989 1604 1047 1669 δ’
1090 1602 1218 1684 ἄρα
1261 1602 1404 1671 εἶπε
1447 1606 1615 1685 πρὸς
1662 1605 1742 1672 ὃν
1787 1607 2195 1686 μεγαλήτορα
2237 1605 2469 1684 θυμόν·

843 1707 897 1770 ὢ
941 1706 1176 1791 πόποι,
1220 1706 1258 1786 ἦ
1303 1707 1465 1786 μέγα
1508 1710 1719 1789 θαῦμα
1760 1709 1898 1773 τόδ’
1941 1707 2368 1790 ὀφθαλμοῖςιν
2413 1707 2690 1787 ὁρῶμαι·

540 1811 621 1870 55
665 1805 705 1885 ἦ
748 1807 920 1889 μάλα
962 1809 1040 1889 δὴ
1087 1809 1307 1889 Τρῶες
1351 1810 1811 1890 μεγαλήτορες,
1860 1808 1975 1875 οὕς
2019 1830 2142 1889 περ
2185 1809 2512 1890 ἔπεφνον,

665 1908 843 1976 αὖτις
886 1909 1347 1991 ἀναςτήςονται
1390 1912 1521 1978 ὑπὸ
1564 1912 1781 1993 ζόφου
1823 1911 2199 1995 ἠερόεντος,

681 2009 830 2078 οἷον
875 2014 952 2092 δὴ
995 2014 1100 2078 καὶ
1142 2011 1243 2078 ὅδ’
1283 2012 1438 2093 ἦλθε
1483 2015 1716 2094 φυγὼν
1759 2013 1891 2080 ὕπο
1933 2014 2158 2093 νηλεὲς
2200 2013 2368 2094 ἦμαρ
2379 2062 2397 2094 ,

667 2114 926 2195 Λῆμνον
970 2115 1038 2180 ἐς
1081 2115 1361 2195 ἠγαθέην
1405 2116 1877 2197 πεπερημένος·
1922 2115 2079 2181 οὐδέ
2122 2134 2227 2195 μιν
2270 2113 2412 2193 ἔςχε

636 2206 906 2283 ’πόντος
948 2215 1108 2283 ἁλὸς
1149 2220 1413 2301 πολιῆς,
1458 2219 1498 2282 ὃ
1541 2219 1786 2284 πολέας
1830 2217 2142 2284 ἀέκοντας
2183 2215 2411 2296 ἐρύκει.

545 2323 627 2382 60
672 2318 817 2385 ἀλλ’
859 2316 976 2395 ἄγε
1018 2319 1097 2399 δὴ
1141 2319 1244 2384 καὶ
1285 2320 1524 2399 δουρὸς
1566 2319 1819 2399 ἀκωκῆς
1861 2320 2201 2400 ἡμετέροιο

662 2420 978 2497 γεύςεται,
1025 2418 1204 2502 ὄφρα
1246 2419 1478 2503 ἴδωμαι
1518 2421 1615 2487 ἐνὶ
1659 2422 1883 2503 φρεςὶν
1926 2421 2042 2501 ἠδὲ
2087 2420 2314 2498 δαείω,

661 2522 701 2601 ἢ
747 2520 851 2601 ἄρ’
894 2522 1069 2604 ὁμῶς
1111 2524 1213 2590 καὶ
1257 2526 1463 2590 κεῖθεν
1509 2523 1828 2590 ἐλεύςεται
1845 2573 1864 2608 ,
1908 2522 1948 2604 ἦ
1993 2543 2098 2605 μιν
2143 2523 2349 2604 ἐρύξει

669 2627 751 2704 γῆ
795 2624 1133 2710 φυςίζοος,
1177 2626 1217 2706 ἥ
1260 2647 1329 2692 τε
1373 2627 1533 2692 κατὰ
1575 2627 1888 2708 κρατερόν
1932 2646 2055 2706 περ
2099 2626 2325 2706 ἐρύκει.

838 2729 929 2793 ὣς
976 2726 1257 2808 ὥρμαινε
1301 2728 1546 2808 μένων·
1595 2728 1634 2793 ὃ
1680 2729 1753 2794 δέ
1798 2727 1861 2794 οἱ
1904 2728 2136 2808 ςχεδόν
2181 2726 2334 2807 ἦλθε
2375 2727 2701 2807 τεθηπώς,

538 2834 617 2894 65
662 2831 926 2907 γούνων
970 2829 1248 2911 ἅψαςθαι
1292 2831 1580 2912 μεμαώς,
1624 2831 1773 2911 περὶ
1814 2831 1872 2896 δ’
1914 2830 2102 2910 ἤθελε
2146 2836 2326 2914 θυμῷ

664 2932 1002 3014 ἐκφυγέειν
1047 2931 1327 3000 θάνατόν
1371 2953 1442 2999 τε
1483 2933 1683 3000 κακὸν
1727 2933 1832 2998 καὶ
1875 2934 2038 3013 κῆρα
2081 2933 2405 3014 μέλαιναν.

662 3032 702 3114 ἦ
744 3055 846 3101 τοι
894 3035 931 3100 ὃ
976 3035 1091 3117 μὲν
1136 3036 1297 3116 δόρυ
1341 3035 1587 3117 μακρὸν
1632 3033 1936 3114 ἀνέςχετο
1982 3037 2123 3101 δῖος
2166 3034 2487 3114 Ἀχιλλεὺς

628 3220 699 3280 V.
738 3240 787 3276 1..
860 3227 927 3276 43
963 3222 1154 3288 πέμψε
1200 3220 1297 3275 DE
1320 3219 1479 3276 flor.
1524 3250 1591 3261 —
1634 3225 1704 3275 44
1737 3220 1884 3275 ὑπὲκ
1920 3223 2239 3289 προφυγὼν
2272 3220 2341 3274 A.
2384 3248 2452 3258 —
2491 3225 2560 3274 45
2594 3222 2788 3287 ἤματα

494 3289 561 3344 D.
598 3292 667 3345 Θυ
710 3291 776 3346 ὸς
813 3287 879 3348 G.
914 3320 983 3331 —
1016 3295 1084 3344 46
1120 3289 1277 3345 αὗθῖς
1314 3289 1356 3346 C
1391 3288 1550 3343 Vrat.
1582 3289 1651 3347 A.
1689 3318 1754 3328 —
1794 3294 1860 3344 4⁷
1896 3289 2126 3358 ἀχῖλῆος
2151 3289 2193 3344 C
2225 3286 2375 3344 Flor.
2412 3288 2688 3355 ἀχῖλλέως
2712 3286 2786 3343 H.

494 3359 629 3412 θοὸς
696 3360 907 3424 μβαλεν
942 3356 1008 3411 G.
1047 3358 1246 3424 ἔμελλε
1281 3355 1483 3412 ACDG
1519 3354 1555 3410 S
1596 3373 1641 3411 r.
1686 3386 1750 3396 —
1794 3362 1863 3411 48
1897 3358 2275 3412 οὐκεθέλοντα
2312 3353 2362 3410 G
2396 3356 2464 3409 ut
2495 3362 2578 3415 36.
2615 3386 2682 3396 -
2716 3362 2786 3410 49

492 3427 718 3493 ἀχῑλεὺς
755 3425 815 3480 C.
850 3454 917 3466 -
952 3431 1020 3480 50
1052 3442 1192 3494 ατερ
1224 3424 1296 3480 Η.
1336 3454 1403 3466 -
1437 3431 1500 3480 51
1577 3443 1654 3481 πο
1687 3423 1756 3481 D.
1802 3426 1866 3480 δέ
1901 3426 2069 3493 ἱδρὼς
2104 3423 2262 3483 Harl.
2309 3452 2373 3464 --
2418 3429 2483 3480 52
2517 3427 2634 3479 ὑπο
2671 3421 2784 3479 CD.

491 3524 560 3533 —
596 3500 662 3549 53
703 3496 917 3562 προςόν
959 3492 1032 3550 D.
1086 3512 1129 3549 π
1201 3512 1235 3547 ν
1281 3495 1352 3548 ὃν
1399 3491 1466 3552 G.
1518 3522 1588 3534 —
1637 3499 1706 3547 54
1750 3494 1799 3548 ὧ
1845 3494 2024 3548 πόποι
2066 3491 2240 3548 ADH.
2283 3526 2350 3537 —
2402 3497 2472 3548 55
2503 3498 2688 3562 τρῷες
2722 3491 2784 3547 L.

493 3562 656 3618 ΠΕΡ’
690 3561 808 3631 Syr.
864 3593 932 3603 —
983 3567 1050 3617 56
1084 3579 1122 3617 α
1193 3568 1245 3616 ἲς
1281 3560 1341 3617 C.
1398 3563 1513 3617 ύπο
1546 3559 1669 3615 ΑΗ.
1726 3590 1790 3600 —-
1845 3566 1911 3615 57
1946 3563 2061 3617 ὑπο
2105 3560 2260 3615 AGH
2306 3559 2426 3629 Syr.
2475 3559 2622 3616 Flor.
2667 3559 2784 3614 ὑπὸ

493 3628 650 3684 CDL.
689 3659 752 3672 --
789 3637 856 3687 58
889 3631 1014 3698 ἔςχε
1050 3628 1343 3685 ACDEHL
1374 3627 1499 3698 Syr.
1535 3659 1604 3669 —
1638 3634 1706 3683 52
1740 3635 1769 3666 ⁸
1804 3630 2040 3685 πολέαςε
2079 3634 2274 3685 πολεῖς
2298 3627 2635 3685 AGDGHLS
2660 3625 2784 3696 Syr.

491 3697 827 3754 Plutarchus
861 3697 933 3753 de
967 3697 1148 3753 Exilio
1187 3704 1268 3753 12.
1315 3695 1379 3753 ὃς
1414 3701 1610 3753 πολεῖς
1655 3696 1702 3751 Ε
1741 3702 1888 3760 1223,
1923 3703 1973 3752 2.
2029 3699 2095 3754 ὃς
2131 3700 2381 3754 πολλοὺς
2426 3695 2474 3752 E
2514 3703 2658 3763 1223,
2694 3703 2782 3750 20.

492 3767 520 3822 ἑ
557 3769 684 3823 ύκοι
717 3767 789 3821 Η.
827 3798 897 3808 -
929 3771 992 3821 61
1030 3767 1113 3822 ἐνι
1147 3765 1265 3821 ΑΙ).
1302 3795 1373 3808 --
1407 3770 1472 3819 62
1507 3765 1544 3820 ἃ
1613 3762 1935 3821 ADEGHL.
1981 3768 2072 3821 καὶ
2109 3770 2297 3821 κεῖθεν
2329 3764 2525 3821 ACDE
2565 3769 2712 3830 1223,
2750 3768 2783 3818 6

543 3834 613 3892 Η.
654 3835 1009 3893 ΚΑΙΚΕΙΘΕΝ
1056 3833 1179 3903 Syr.
1222 3835 1484 3890 κάκεῖθεν
1624 3837 1773 3898 1223,
1820 3841 1882 3889 31
1931 3833 2083 3914 Lipn.
2129 3835 2388 3956 κιῇὶκεῖθεν
2431 3832 2475 3887 L
2522 3831 2785 3910 Vrsa-d.

489 3904 731 3961 ΕΡΥΚΕΙ
771 3903 891 3973 Syr.
942 3933 1007 3943 —
1052 3907 1119 3958 63
1155 3902 1435 3970 φυςίζωος
1479 3899 1620 3956 CDL
1664 3900 1894 3962 Barooo.
1939 3902 2093 3972 lupa.
2189 3902 2353 3959 ownl.
2399 3905 2548 3957 κατὰ
2598 3901 2782 3955 om1tt.

489 3970 640 4026 DHL
677 3970 823 4043 Lips.
861 3975 951 4027 καὶ
1035 3988 1098 4026 ro
1146 3972 1289 4026 κατὰ
1325 3968 1384 4030 C.
1430 4001 1494 4011 -
1539 3974 1607 4024 64
1644 3969 1724 4023 ὡς
1769 3971 1841 4029 A.
1886 4001 1952 4011 -
1994 3976 2061 4025 65
2096 3986 2226 4038 περι
2261 3968 2426 4024 CDH.
2472 3971 2599 4038 πέρι
2633 3967 2784 4025 mor.

488 4039 658 4098 Mose.
695 4046 746 4095 2.
779 4069 847 4080 --
882 4045 948 4095 67
985 3988 1034 4094 ἕ
1056 4040 1159 4107 μὲν
1194 4038 1264 4096 H.
1303 4040 1598 4108 ἀνέςχετοε
1636 4037 1898 4106 ἀνέςχεθε
1931 4038 2093 4094 Vrat.
2129 4038 2186 4095 b.
2220 4037 2394 4093 Mose.
2428 4044 2478 4095 2.
2513 4038 2783 4106 ἀνέςχετο

492 4111 528 4177 ἢ
564 4110 828 4177 ἀνέςχεθε
862 4107 925 4163 Ε.
959 4108 1185 4176 ἀχῖλεύς
1221 4105 1282 4165 C.

628 4265 692 4316 A.
729 4280 775 4317 c.
845 4268 910 4318 57
948 4263 1089 4317 Utro:
1126 4262 1242 4316 ὑπὸ
1278 4259 1649 4315 Herodianus.
1676 4290 1741 4301 —
1778 4267 1845 4315 59
1881 4262 2092 4316 πολέας
2127 4258 2368 4314 Wolfinn
2391 4273 2461 4313 ex
2485 4275 2594 4313 em.
2632 4258 2782 4315 conf.

496 4331 540 4387 Ν
579 4336 697 4386 734.
748 4331 794 4386 0
831 4335 913 4388 θθ.
950 4333 1000 4386 Υ
1040 4335 1159 4385 313.
1195 4332 1245 4385 Φ
1272 4335 1386 4383 131.
1422 4359 1489 4368 -
1524 4333 1591 4383 62
1626 4331 1717 4384 καὶ
1754 4332 1965 4384 κεῖθενε
2001 4330 2063 4383 ἐκ
2099 4329 2352 4398 πλήρους
2386 4331 2495 4382 τὸν
2527 4325 2622 4381 καί
2655 4328 2783 4381 ςύν-

492 4401 697 4465 δεςμον
731 4400 1059 4467 ἀρίςταρχος
1095 4396 1145 4450 D
1156 4398 1176 4451 i
1186 4396 1268 4467 dy
1279 4414 1336 4450 m
1348 4414 1386 4449 u
1396 4414 1438 4456 s,
