3144 5006
493 397 581 467 48
1413 397 1746 459 ιλιΑΔος
1792 395 1854 460 Β.

494 560 619 622 405
666 554 952 637 Νέςτορα
994 557 1111 639 μὲν
1156 557 1474 638 πρώτιςτα
1516 558 1621 623 καὶ
1663 556 1986 638 Ἰδομενῆα
2029 555 2300 636 ἄνακτα,

663 659 867 740 αὐτάρ
912 660 1121 724 ἔπειτ’
1162 659 1389 726 Αἴαντε
1434 660 1569 723 δύω
1616 660 1716 723 καὶ
1761 660 2002 725 Τυδέος
2045 658 2220 742 υἱόν,

665 762 853 827 ἕκτον
898 762 966 827 δ’
1009 760 1158 826 αὖτ’
1203 762 1475 840 Ὀδυςῆα
1517 760 1628 824 Διὶ
1670 764 1852 843 μῆτιν
1898 761 2275 827 ἀτάλαντον.

665 863 1028 944 αὐτόματος
1073 863 1145 928 δέ
1190 862 1251 928 οἱ
1294 862 1449 941 ἦλθε
1496 863 1654 943 βοὴν
1701 860 1942 938 ἀγαθὸς
1988 862 2349 928 Μενέλαος·

664 966 816 1049 ᾔδεε
860 970 982 1043 γὰρ
1025 966 1185 1029 κατὰ
1227 964 1433 1044 θυμὸν
1476 964 1806 1043 ἀδελφεὸν
1852 963 1943 1028 ὡς
1988 963 2306 1030 ἐπονεῖτο.

495 1073 623 1131 410
668 1070 827 1147 βοῦν
873 1067 944 1132 δὲ
989 1065 1362 1145 περίςτηςάν
1406 1087 1476 1130 τε
1521 1066 1623 1130 καὶ
1668 1064 2029 1146 οὐλοχύτας
2076 1065 2409 1132 ἀνέλοντο.

663 1171 863 1233 τοῖςιν
909 1168 976 1232 δ’
1020 1168 1372 1248 εὐχόμενος
1417 1169 1659 1248 μετέφη
1705 1168 1934 1246 κρείων
1980 1167 2417 1249 Ἀγαμέμνων·

830 1268 958 1334 Ζεῦ
1003 1270 1245 1335 κύδιςτε
1288 1270 1564 1352 μέγιςτε,
1609 1270 2018 1349 κελαινεφές,
2061 1270 2261 1348 αἰθέρι
2305 1270 2542 1349 ναίων,

662 1373 743 1451 μὴ
788 1371 940 1450 πρὶν
985 1370 1096 1435 ἐπ’
1139 1371 1360 1451 ἠέλιον
1406 1376 1590 1437 δῦναι
1635 1370 1735 1435 καὶ
1778 1371 1883 1435 ἐπὶ
1928 1368 2453 1460 κνέφαςέλθεῖν,

661 1473 811 1551 πρίν
855 1494 930 1552 με
975 1474 1134 1537 κατὰ
1176 1475 1417 1552 πρηνὲς
1463 1474 1713 1554 βαλέειν
1756 1472 2076 1553 Πριάμοιο
2121 1473 2442 1553 μέλαθρον

490 1580 615 1637 415
660 1572 990 1653 αἰθαλόεν,
1037 1579 1266 1655 πρῆςαι
1312 1576 1384 1640 δὲ
1426 1577 1631 1654 πυρὸς
1677 1574 1885 1653 δηίοιο
1930 1573 2232 1659 θύρετρα,

660 1673 994 1755 Ἑκτόρεον
1037 1678 1110 1741 δὲ
1154 1683 1396 1756 χιτῶνα
1439 1679 1586 1757 περὶ
1630 1678 1902 1755 ςτήθεςςι
1948 1678 2152 1742 δαῖξαι

664 1780 882 1862 χαλκῷ
929 1777 1299 1858 ῥωγαλέον·
1357 1780 1593 1844 πολέες
1638 1778 1917 1859 δ’,ἀμφ’
1959 1779 2160 1844 αὐτὸν
2204 1778 2442 1858 ἑταῖροι

659 1881 934 1959 πρηνέες
976 1881 1047 1947 ἐν
1091 1881 1372 1965 κονίῃςιν
1417 1880 1574 1948 ὀδὰξ
1619 1881 1920 1947 λαζοίατο
1962 1885 2172 1956 γαῖαν.

830 1983 919 2049 ὣς
963 1983 1180 2065 ἔφατ’,
1226 1982 1377 2048 οὐδ’
1422 1983 1547 2062 ἄρα
1589 1983 1695 2047 πώ
1742 1982 1805 2047 οἱ
1848 1982 2246 2061 ἐπεκραίαινε
2294 1981 2615 2071 Κρονίων,

490 2089 617 2149 420
659 2083 810 2148 ἀλλ’
854 2084 892 2148 ὅ
937 2106 1010 2161 γε
1056 2086 1240 2149 δέκτο
1285 2086 1400 2162 μὲν
1443 2083 1579 2166 ἱρά,
1625 2084 1835 2148 πόνον
1881 2084 1950 2148 δ’
1980 2081 2342 2161 ἀμέγαρτον
2386 2083 2687 2165 ὄφελλεν.

658 2186 861 2265 αὐτὰρ
907 2186 1046 2249 ἐπεί
1091 2185 1158 2263 ῤ’
1201 2184 1469 2250 εὔξαντο
1514 2186 1619 2250 καὶ
1662 2184 2024 2264 οὐλοχύτας
2068 2185 2515 2265 προβάλοντο,

658 2288 975 2366 αὐέρυςαν
1021 2288 1134 2367 μὲν
1179 2292 1406 2365 πρῶτα
1450 2288 1552 2351 καὶ
1595 2286 1877 2366 ἔςφαξαν
1922 2287 2024 2351 καὶ
2068 2286 2351 2367 ἔδειραν,

658 2389 899 2468 μηρούς
941 2389 1007 2453 τ’
1052 2388 1358 2467 ἐξέταμον
1404 2387 1561 2454 κατά
1604 2409 1673 2453 τε
1717 2388 1891 2473 κνίςῃ
1936 2389 2269 2467 ἐκάλυψαν

658 2490 929 2571 δίπτυχα
971 2491 1375 2573 ποιήςαντες,
1423 2490 1533 2556 ἐπ’
1576 2490 1794 2557 αὐτῶν
1839 2491 1909 2557 δ>
1953 2489 2381 2571 ὠμοθέτηςαν.

488 2597 613 2654 425
661 2594 762 2657 καὶ
804 2594 885 2657 τὰ
928 2594 1044 2673 μὲν
1088 2593 1168 2673 ἂρ
1212 2594 1484 2678 ςχίζῃςιν
1528 2592 1911 2673 ἀφύλλοιςιν
1958 2594 2319 2670 κατέκαιον,

658 2695 993 2776 ςπλάγχνα
1035 2696 1103 2759 δ’
1147 2695 1259 2775 ἄρ’
1301 2694 1724 2774 ἀμπείραντες
1767 2695 2110 2776 ὑπείρεχον
2156 2694 2546 2776 Ἡφαίςτοιο.

654 2796 858 2878 αὐτὰρ
903 2797 1042 2862 ἐπεὶ
1085 2798 1243 2878 κατᾲ
1286 2802 1455 2877 μῆρα
1497 2797 1618 2877 κάη
1660 2798 1765 2863 καὶ
1807 2798 2140 2877 ςπλάγχνα
2182 2797 2500 2874 πάςαντο,

624 3053 690 3110 v.
730 3071 782 3107 ι..
839 3058 937 3106 406
974 3054 1076 3107 δύο
1112 3050 1226 3106 DE.
1262 3035 1478 3108 τυδέῶε
1516 3051 1572 3107 ο.
1614 3082 1676 3090 -
1709 3057 1808 3106 407
1847 3052 1896 3107 δ’
1933 3052 2114 3106 omitt.
2150 3051 2216 3105 D.
2253 3052 2378 3107 αὖθ’
2414 3052 2473 3106 ο.
2529 3052 2768 3119 &buccam

487 3119 605 3174 DG.
644 3151 705 3159 —
745 3125 843 3174 408
879 3122 940 3175 δέ
974 3137 1041 3186 γε
1076 3122 1214 3187 ἦλθε
1255 3119 1317 3173 G.
1354 3151 1419 3159 ·-
1453 3127 1556 3174 410
1591 3122 1617 3151 *
1639 3121 1971 3188 περίςτηςάν
2007 3137 2098 3172 τες
2137 3122 2540 3188 περιςτήςαντο
2577 3119 2767 3176 ACDE

490 3186 693 3241 GHLS.
756 3220 817 3230 —
869 3195 967 3241 411
1003 3194 1143 3242 τοῖςι
1181 3186 1423 3241 CDGHL
1460 3188 1618 3242 Vrat.
1656 3187 1708 3240 b.
1763 3217 1825 3225 —
1878 3194 1978 3241 413
2012 3189 2279 3254 έπηέλιον
2316 3188 2372 3241 C.
2409 3189 2502 3242 ἐπι
2540 3187 2650 3242 AC.
2703 3219 2766 3228 —

485 3263 586 3309 414
621 3257 977 3324 καταπρηνὲς
1024 3254 1363 3310 ACDEGHL
1411 3256 1592 3310 Schol.
1634 3258 1673 3310 Β
1710 3262 1827 3310 400.
1884 3285 1936 3295 -
1988 3261 2089 3309 416
2124 3258 2333 3310 δαῖξαιι
2368 3256 2558 3311 δάῑξον
2592 3255 2664 3312 Η.
2703 3286 2769 3295 -

484 3330 585 3376 419
622 3324 700 3377 ὡς
738 3325 804 3377 A.
843 3328 936 3377 ττῶ
964 3322 1024 3377 C.
1060 3341 1153 3378 πω
1179 3323 1245 3378 G.
1282 3325 1607 3392 ἑπεκρέαινε
1642 3322 1763 3376 DH.
1799 3324 2113 3391 έπῑκραίενε
2139 3323 2196 3380 L.
2222 3354 2287 3363 -
2312 3330 2412 3378 420
2447 3325 2544 3388 δ’γε
2601 3326 2768 3378 δέκτο

487 3389 543 3445 C.
581 3392 702 3458 ἱερὰ
728 3389 848 3445 GH.
884 3393 1094 3447 πόνονε
1133 3394 1317 3458 φόνον
1343 3391 1427 3445 Et.
1455 3391 1599 3446 Gud.
1624 3397 1709 3457 44,
1740 3397 1818 3444 16.
1849 3422 1908 3429 -
1931 3398 2029 3445 421
2068 3393 2426 3458 προβάλοντο
2452 3365 2765 3445 AchHL=

486 3460 762 3513 ἀνέλοντο
800 3456 906 3526 GS,
943 3459 1012 3512 cf.
1050 3461 1093 3514 Α
1132 3466 1249 3514 449.
1289 3489 1356 3499 -
1400 3467 1499 3514 422
1535 3461 1811 3526 αὐέρυςαν
1848 3458 1973 3512 AG:
2020 3460 2092 3512 αὖ
2129 3461 2329 3527 ἔρυςαν
2366 3458 2643 3514 CDEHLS
2678 3458 2766 3513 Et.

486 3526 600 3596 Mg.
641 3533 756 3592 533,
797 3533 879 3592 50,
919 3526 986 3579 cf.
1026 3528 1071 3581 Α
1106 3534 1224 3581 459.
1262 3534 1496 3596 πρῶτον
1532 3527 1591 3582 C.
1626 3557 1695 3566 —
1738 3533 1838 3580 423
1884 3527 2002 3580 κνίς
2058 3550 2068 3582 :
2109 3528 2294 3597 κνίςςῃ
2333 3526 2392 3582 C.
2429 3526 2617 3594 κνίςςη
2655 3526 2764 3580 DL.

486 3625 552 3634 —
610 3600 711 3648 425
759 3596 861 3661 μὲν
906 3597 978 3661 ῥα
1014 3593 1080 3651 H.
1137 3597 1206 3663 ἂρ
1252 3596 1432 3651 omitt.
1472 3595 1539 3649 D.
1593 3596 1885 3662 ἀφύλλοιςι
1922 3594 2014 3649 CD
2067 3636 2080 3648 .
2138 3626 2204 3635 -
2263 3601 2362 3648 426
2407 3596 2476 3661 ἂρ
2515 3593 2766 3649 ADEGH

487 3662 671 3733 Apoll.
707 3661 839 3720 Lex.
876 3669 959 3728 85,
990 3670 1068 3717 12.
1107 3665 1508 3732 ἀμπείραντεςι
1546 3664 1712 3728 ἑμπεί
1750 3680 1915 3718 αντες
1951 3662 1996 3716 Ε
2026 3669 2137 3726 136,
2179 3669 2240 3718 18
2278 3661 2326 3717 G
2361 3661 2543 3717 Schol.
2582 3666 2624 3719 Α
2650 3669 2765 3718 591.

485 3732 773 3800 ύπήρεχον
808 3730 874 3786 D.
900 3762 966 3771 —
990 3738 1089 3785 427
1127 3749 1270 3788 κατα
1294 3731 1500 3787 ACDL.
1539 3733 1671 3799 μῆρ’
1737 3732 1842 3799 κάη
1880 3735 1969 3785 καὶ
1996 3733 2266 3800 σπλάγχν’
2302 3732 2585 3787 ἐπάςαντο
2621 3731 2765 3784 libri.

488 3885 715 3892 -—--—--.—‡

622 3974 686 4026 A.
722 3991 771 4027 ο.
827 3979 927 4027 410
972 3971 1311 4040 περίςτηςάν
1354 3987 1418 4026 τε
1454 3969 1632 4029 Bekk.
1681 3987 1750 4024 ex
1798 3969 2123 4025 coniectura
2156 3971 2247 4025 hio
2292 3973 2353 4025 et
2395 3988 2433 4037 μ
2469 3976 2586 4037 356,
2623 3970 2766 4026 conf.

485 4042 536 4095 Δ
574 4047 688 4096 532.
736 4077 800 4086 -
846 4047 946 4094 412
992 4042 1055 4096 έν
1098 4057 1202 4095 τιςι
1237 4041 1547 4107 γέγραπται
1587 4042 1736 4107 ,,Ζεο
1774 4039 1953 4106 πάτερ
1988 4041 2205 4106 Ἴδηθεν
2249 4041 2465 4106 μεδέων
2501 4041 2765 4119 [κύδιςτε,

489 4126 773 4213 μέγιςτε]“
811 4127 876 4178 ut
915 4128 949 4180 Γ
984 4131 1099 4179 320.
1136 4155 1200 4163 -
1225 4130 1325 4178 415
1362 4130 1590 4192 πρῆςαιε
1631 4127 1694 4178 ἐν
1730 4129 1850 4178 ταῖς
1888 4125 2171 4179 πλείςταις
2207 4126 2296 4178 διὰ
2329 4130 2433 4178 τοῦ
2465 4115 2505 4178 ’λ
2542 4128 2619 4179 πλ
2663 4141 2763 4189 cm,

490 4195 578 4245 καὶ
614 4194 671 4246 αἱ
726 4194 928 4260 Αριςτά
965 4210 1066 4260 χου
1102 4192 1448 4261 Didymus,
1488 4224 1548 4231 —-
1577 4199 1676 4247 420
1710 4194 2052 4259 ἀμέγαρτονε
2091 4193 2353 4246 ἀλίαςτον
2391 4192 2639 4246 Aristarc
2681 4210 2762 4246 ue.

489 4286 550 4296 ——
587 4265 686 4312 423
724 4261 878 4329 κνίςῃ
971 4261 1291 4314 erodianus:
1338 4262 1495 4328 κνίςη
1543 4261 1903 4328 (οὐδετέρως)
1948 4258 2313 4315 Aristarchus
2357 4288 2427 4297 —-
2467 4265 2568 4313 427
2615 4265 2765 4328 μῆρα

489 4325 620 4393 κάηε
659 4326 1015 4380 Ptolemaeus
1050 4334 1189 4396 μῆρε
1225 4330 1349 4397 κάη.
1386 4327 1738 4382 Aristarchus
1763 4329 2052 4396 ςπλάγχνα
2091 4328 2360 4393 πάςαντο,
2384 4326 2453 4386 cf.
2481 4326 2553 4381 ad
2578 4329 2621 4382 Α
2645 4335 2762 4383 464.
