3144 5006
1269 435 1605 492 ΙΛΙΑΔΟ(
1662 433 1814 489 XIII.
2590 435 2667 499 31

559 590 660 670 ἂψ
700 590 758 656 δ’
803 588 1054 669 ἑτάρων
1100 588 1190 654 εἰς
1234 588 1426 681 {Qec
1469 589 1734 669 ἐχάζετο
1778 589 1915 669 κῆρ’
1957 587 2300 670 ἀλεείνων,

558 693 836 760 πάντοςε
881 691 1294 774 παπταίνων,
1335 691 1418 769 μή
1464 711 1557 756 τις
1602 691 1777 771 χρόα
1811 693 2026 771 χαλκῷ
2075 684 2342 774 ἐπαύρῃ.

394 800 519 859 650
563 794 890 874 Μηριόνη(
935 793 992 859 δ’
1034 792 1343 858 ἀπιόντος
1385 792 1467 858 ἵει
1513 794 1812 872 χαλκήρε’
1856 792 2113 875 ὀιςτόν,

555 895 657 960 καί
703 893 760 974 ῥ’
807 895 994 975 ἔβαλε
1038 894 1322 971 γλουτὸν
1368 896 1529 960 κάτα
1571 894 1808 961 δεξιόν·
1854 894 2060 972 αὐτὰρ
2105 893 2317 959 ὀιςτὸς

558 996 819 1076 ἀντικρὺ
866 997 1024 1062 κατὰ
1067 996 1277 1066 κύςτιν
1324 996 1431 1061 ὑπ’
1475 995 1703 1062 ὀςτέον
1748 995 2140 1074 ἑξεπέρηςεν.

557 1097 860 1178 ἑζόμενος
903 1100 975 1163 δὲ
1020 1097 1158 1164 κατ’
1201 1095 1376 1179 αὖθι,
1420 1098 1635 1178 φίλων
1682 1097 1752 1163 ἐν
1797 1085 2009 1177 χερςὶν
2054 1096 2324 1177 ἑταίρων

556 1201 760 1280 θυμὸν
805 1198 1219 1282 ἀποπνείων,
1268 1199 1357 1264 ὥς
1402 1220 1470 1264 τε
1518 1200 1762 1277 ςκώληξ
1804 1198 1908 1264 ἐπὶ
1952 1197 2098 1283 γαίῃ

393 1308 514 1367 655
561 1305 732 1367 κεῖτο
778 1302 1016 1367 ταθείς·
1062 1300 1132 1365 ἐκ
1174 1301 1232 1366 δ’
1276 1300 1427 1382 αἷμα
1472 1302 1671 1379 μέλαν
1719 1299 1850 1379 ῥέε,
1898 1303 2044 1365 δεῦε
2091 1300 2163 1365 δὲ
2205 1302 2416 1376 γαῖαν.

559 1404 676 1469 τὸν
723 1404 838 1482 μὲν
880 1403 1315 1484 Παφλογόνες
1360 1402 1789 1482 μεγαλήτορες
1834 1400 2324 1483 ἀμφεπένοντο,

556 1506 621 1570 ἐς
674 1506 911 1585 δίφρον
956 1505 1013 1570 δ’
1056 1504 1397 1571 ἀνέςαντες
1443 1504 1608 1582 ἄγον
1653 1504 1842 1583 προτὶ
1884 1504 2077 1588 ῙΙλιον
2122 1502 2266 1582 ἱρήν

555 1605 929 1687 ἀχνύμενοι·
974 1608 1132 1686 μετὰ
1174 1607 1246 1672 δέ
1290 1628 1400 1688 ςφι
1445 1608 1654 1685 πατὴρ
1698 1604 1790 1670 κίε
1835 1605 2080 1683 δάκρυα
2124 1604 2389 1683 λείβων,

559 1710 752 1787 ποινὴ
797 1708 854 1773 δ’
899 1706 977 1773 οὔ
1023 1728 1114 1772 τις
1157 1710 1388 1772 παιδὸς
1433 1707 1722 1784 ἐγίγνετο
1766 1711 2139 1784 τεθνηῶτος.

390 1816 516 1875 660
727 1814 845 1874 τοῦ
891 1811 962 1874 δὲ
1005 1808 1212 1888 Πάρις
1255 1809 1424 1888 μάλα
1466 1808 1670 1887 θυμὸν
1714 1806 2190 1887 ἀποκταμένοιο
2234 1807 2524 1886 χολώθη·

556 1913 765 1977 ξεῖνος
807 1911 932 1990 γάρ
977 1909 1039 1975 οἱ
1084 1909 1197 1989 ἔην
1240 1909 1503 1976 πολέςιν
1545 1910 1703 1989 μετὰ
1743 1910 2264 1991 Παφλαγόνεςςι·

557 2017 673 2078 τοῦ
719 2012 758 2077 ὅ
801 2032 876 2089 γε
921 2012 1255 2092 χωόμενος
1299 2012 1530 2090 προῒεν
1554 2011 1852 2091 χαλκήρε’
1895 2011 2126 2077 όιςτόν.

560 2114 641 2193 ἦν
687 2114 759 2180 δέ
803 2135 896 2179 τις
940 2113 1280 2197 Εὐχήνωρ,
1323 2113 1656 2179 Πολυίδου
1701 2112 1965 2192 μάντιος
2009 2112 2178 2196 υἱός,

562 2214 833 2297 ἀφνειός
877 2217 931 2280 τ’
974 2214 1217 2293 ἀγαθός
1259 2235 1360 2299 τε,
1410 2214 1745 2294 Κορινθόθι
1789 2213 1955 2279 οἰκία
1996 2215 2225 2292 ναίων,

387 2322 509 2381 665
554 2315 628 2381 ὅς
675 2315 730 2396 ῥ’
776 2316 849 2382 εὖ
893 2316 1079 2383 εἰδὼς
1123 2316 1259 2397 κῆρ’
1303 2316 1507 2395 ὀλοὴν
1551 2315 1659 2381 ἐπὶ
1701 2316 1856 2395 νηὸς
1901 2316 2131 2398 ἔβαινε.

553 2419 827 2484 πολλάκι
867 2419 991 2497 γάρ
1038 2416 1101 2484 οἱ
1144 2417 1317 2484 ἔειπε
1360 2418 1575 2497 γέρων
1619 2418 1862 2495 ἀγαθὸς
1904 2417 2265 2501 Πολύιδος,

556 2522 773 2603 νούςῳ
819 2520 929 2585 ὑπ’
972 2520 1255 2605 ἀργαλέῃ
1299 2520 1553 2602 φθίςθαι
1600 2519 1699 2584 οἷς
1742 2520 1814 2587 ἐν
1858 2521 2254 2602 μεγάροιςιν,

389 2644 558 2651 ῇ-ν

524 2687 592 2743 V.
628 2708 672 2741 ι..
747 2694 846 2742 648
884 2690 1085 2755 χάζετο
1120 2686 1175 2745 S.
1215 2718 1274 2726 -
1316 2693 1416 2741 650
1450 2689 1521 2742 ἵει
1555 2688 1623 2744 A.
1662 2716 1726 2725 ——
1762 2691 1855 2741 651
1898 2689 2099 2753 ἔβαλεν
2135 2686 2184 2740 D
2223 2686 2384 2743 Vrat.
2422 2686 2488 2740 A.
2527 2703 2672 2742 κατα

387 2755 508 2814 ΑΗ.
543 2758 689 2811 κατὰ
723 2753 882 2814 DEL.
930 2785 993 2794 —
1039 2762 1138 2810 652
1179 2772 1321 2810 κατα
1356 2754 1426 2809 H.
1471 2757 1560 2809 διὰ
1594 2756 1658 2812 A.
1705 2784 1768 2794 —
1816 2760 1916 2809 653
1961 2759 2196 2809 καταῦθι
2232 2753 2293 2809 L.
2343 2783 2404 2794 --
2449 2760 2550 2809 654
2583 2757 2675 2810 ἐπι

387 2827 454 2883 A.
509 2854 574 2864 --
630 2829 727 2878 657
765 2826 816 2878 δ’
850 2824 1032 2883 omitt.
1068 2827 1135 2882 A.
1187 2826 1357 2891 προτί
1401 2821 1724 2878 ACDGHL:
1783 2826 1916 2877 ποτὶ
1953 2822 2006 2882 S.
2053 2851 2118 2863 —
2161 2828 2262 2877 658
2307 2824 2473 2889 μετὰε
2522 2825 2674 2890 παρὰ

1279 2918 1285 2927 ·
2498 2908 2514 2942 ι

386 2959 569 3014 Schol.
607 2961 645 3015 Ε
664 2965 778 3017 576.
818 2990 881 3000 -
917 2965 1017 3014 659
1042 2958 1386 3025 ἑγίγνετοῑιε
1423 2961 1450 3014 ἑ
1508 2975 1643 3013 νετο
1668 2956 1988 3014 ACDEGH.
2024 2957 2218 3024 γίνετο
2244 2956 2297 3016 S.
2333 2909 2673 3012 ‘mesalum-roc

386 3028 454 3085 A,
491 3030 826 3083 τεθνειῶτος
851 3026 1052 3085 CDGS.
1088 3031 1409 3081 τεθνεῶτος
1490 3073 1503 3085 .
1540 3057 1601 3065 -
1641 3031 1741 3080 660
1773 3028 1942 3080 τοῦδε
1966 3024 2033 3080 D.
2075 3056 2132 3065 -
2170 3031 2267 3080 661
2308 3027 2500 3080 πολέςι
2523 3024 2671 3095 Lipe.

387 3111 527 3162 μετα
563 3094 631 3148 D.
678 3098 1094 3161 παφλαγόνεςςι
1141 3093 1285 3148 ACD
1322 3101 1370 3152 2,
1409 3110 1557 3148 man.
1597 3094 1661 3147 G.
1711 3095 2124 3161 μυρμιδόνεςςιν
2168 3092 2217 3145 D
2260 3101 2304 3147 l.
2344 3110 2492 3148 man.
2528 3093 2673 3152 conf,

388 3165 446 3218 Π
470 3170 586 3221 240.
627 3193 685 3203 -
725 3167 824 3215 662
862 3165 1159 3229 χωόμενον
1183 3161 1248 3216 G.
1292 3192 1344 3200 —
1391 3167 1491 3216 663
1528 3164 1799 3217 πολυΐδου
1823 3160 2169 3216 ACDEGHL
2205 3164 2265 3215 et
2288 3160 2371 3215 He
2412 3161 2492 3214 nii
2526 3160 2673 3219 libri.

386 3229 478 3284 Et.
514 3229 570 3282 M
617 3277 628 3288 .
662 3236 780 3296 400,
823 3237 904 3284 10.
938 3229 1122 3286 Cram.
1146 3231 1249 3287 An.
1275 3229 1400 3283 Par.
1429 3230 1466 3287 Ι,
1503 3234 1622 3295 285,
1659 3234 1716 3283 6:
1756 3230 2057 3284 πολυείδου
2083 3228 2121 3283 S
2157 3227 2275 3297 Syr.
2304 3227 2372 3282 Sc
2415 3229 2485 3286 ol.
2510 3227 2673 3286 Pind.

391 3297 477 3354 Ol.
512 3296 564 3350 X
621 3297 662 3364 1,
697 3303 763 3352 78
810 3299 870 3351 et
910 3303 993 3352 81.
1043 3299 1326 3352 Πολύιδος
1381 3299 1414 3352 ὁ
1461 3301 1605 3351 κατὰ
1648 3301 1756 3364 τὴν
1807 3301 2035 3365 γραφὴν
2088 3303 2188 3363 τῆς
2241 3298 2672 3366 παραληγούςης

386 3367 794 3488 διῧορούμενος
853 3365 1009 3419 Eunt.
1056 3370 1169 3419 937.
1223 3372 1303 3423 49.
1350 3364 1491 3420 conf.
1539 3371 1656 3429 953,
1703 3371 1785 3422 27.
1833 3367 2071 3431 μάντεος
2116 3363 2176 3418 L.
2228 3394 2293 3405 —
2346 3370 2445 3419 665
2491 3366 2672 3429 ἔβαινε

386 3435 436 3485 A
482 3432 686 3488 DEGH
723 3431 843 3502 Syr.
883 3464 948 3472 ——-
993 3438 1094 3487 666
1130 3433 1400 3488 πολλάκις
1435 3431 1499 3485 Ε.
1548 3435 1816 3488 πολύϊδος
1850 3431 2208 3490 ACDEGHL.
2257 3432 2672 3489 ΠΟΛΥΕΙΔΟΕ

388 3535 508 3605 Syr.
544 3537 844 3603 πολυείδης
880 3535 933 3589 S.
971 3566 1036 3575 -
1073 3541 1170 3589 667
1207 3539 1436 3603 φθῑςθαι
1471 3537 1536 3593 A.
1582 3540 1838 3603 φθεῖςθαι
1874 3535 1971 3591 CH
2006 3534 2161 3590 Vrat.
2195 3536 2250 3590 b.
2290 3536 2345 3589 d.
2392 3515 2670 3592 ΦΘῙΕΘΑΙ

386 3603 505 3671 Syr.
542 3618 669 3657 cum
706 3604 925 3659 ceteris.

526 3762 588 3811 A.
625 3777 670 3811 c.
732 3765 830 3812 657
868 3759 1192 3811 ἀνέςαντεςε
1231 3758 1535 3811 ἀναθέντες
1572 3756 1831 3826 Apollon.
1869 3756 2138 3816 Rhodius,
2175 3759 2453 3813 ἀθετεῑται
2489 3757 2671 3812 Sohol.

386 3824 494 3879 BL.
521 3855 583 3865 —
611 3831 730 3891 658,
766 3831 868 3879 659
903 3825 1258 3880 ἀθετοῦνται.
1296 3825 1358 3879 εἴ
1379 3827 1441 3879 δὲ
1478 3827 1702 3891 μένοιεν
1737 3827 1791 3880 ol
1828 3828 2000 3892 ςτίχοι
2035 3828 2213 3893 οὗτοι,
2250 3844 2318 3881 νο
2358 3829 2488 3881 τέον
2524 3828 2671 3893 ὁμω-

389 3894 592 3954 νυμίαν
646 3894 793 3948 εἶναι
845 3892 1299 3946 Aristonicus.
1369 3894 1775 3961 Ἀριςτοφάνης
1826 3895 2014 3948 ἀθετεῖ
2069 3892 2253 3953 Schol,
2352 3935 2362 3945 .
2425 3895 2559 3948 ἔνιοι
2611 3895 2673 3947 δὲ

385 3965 638 4016 πιθανῶς
678 3963 1094 4029 μεταγράφουςι
1133 3962 1312 4027 ,,μετὰ
1348 3962 1398 4014 δ’
1434 3962 1501 4015 οὔ
1540 3977 1637 4026 ςφι
1684 3977 1762 4015 πα
1918 3962 2042 4017 κίε“
2078 3961 2258 4020 Schol.
2304 3958 2425 4019 AD.
2462 3992 2520 3999 -
2570 3965 2671 4014 662

386 4030 603 4084 ἁπλοῦς
651 4031 683 4081 ό
728 4031 913 4097 ςτίχος
959 4030 1071 4083 ἑςτί
1118 4032 1210 4081 καὶ
1245 4027 1538 4083 ἀποίκιλος
1589 3965 1873 4085 schol-ng>
1906 4073 1917 4085 .
1964 4058 2029 4067 —-
2076 4033 2175 4083 663
2211 4029 2521 4085 Πολυίδουτ
2557 4030 2673 4083 Πο·

387 4098 603 4151 λύῖδος·
641 4097 829 4150 οὕτως
855 4100 945 4150 καὶ
985 4098 1368 4150 Ἀπολλώνιος
1404 4099 1436 4149 ό
1474 4102 1577 4150 τοῦ
1619 4097 1911 4164 Ἀρχιβίου,
1951 4099 2039 4150 καὶ
2066 4098 2204 4158 ἔςτι,
2247 4097 2406 4165 φηςί,
2445 4095 2670 4151 πολυίδ-

389 4180 515 4229 μων
553 4166 745 4230 μάντις
771 4167 873 4219 ὡν.
909 4166 1096 4218 οὕτως
1133 4165 1194 4219 δὲ
1221 4167 1310 4218 καὶ
1345 4164 1415 4217 τὸ
1453 4166 1635 4230 δρᾶμα
1660 4165 2031 4231 ἐπιγράφεται
2055 4166 2169 4217 ὑπὸ
2210 4166 2669 4233 Ἀριςτοφάνους·

388 4239 655 4299 μαρτυρεῖ
700 4234 761 4285 δὲ
807 4236 896 4285 καί
947 4231 1283 4289 Φιλόξενος.
1340 4234 1432 4286 καὶ
1485 4232 1780 4299 (οφοκλῆς
1828 4234 1880 4285 δ’
1926 4233 1986 4285 ἐν
2032 4232 2279 4287 Μάντεςι
2324 4232 2670 4307 ςυνέςςειλεν

387 4302 546 4367 ,,ὁρῶ
590 4301 891 4367 πρόχειρον
936 4300 1223 4354 Πολυΐδου
1266 4303 1372 4353 τοῦ
1419 4299 1715 4365 μάντεως“
1762 4303 1853 4353 καὶ
1899 4303 2069 4354 πάλιν
2120 4301 2259 4363 ,,οὐκ
2304 4301 2452 4354 ἐςτιν
2499 4300 2548 4355 εἰ
2593 4304 2667 4368 μὴ

383 4367 652 4437 Πολυίδῳ
689 4373 773 4435 τῷ
811 4370 1109 4437 κοιράνῳ··.
1169 4366 1314 4420 conf.
1353 4366 1437 4424 Et.
1475 4364 1588 4436 ΜΒ.
1627 4372 1743 4428 681,
1780 4372 1864 4425 2-2.
1902 4366 1989 4422 Et.
2028 4366 2173 4422 Gud.
2208 4373 2327 4435 474,
2363 4374 2445 4422 ⁶24.
2479 4367 2518 4423 Ε
2556 4373 2670 4425 148.
