3144 5006
1390 403 1868 464 1A1AAO0V1.
2651 399 2769 465 167

658 566 816 632 ἔνθά
858 586 966 631 κεν
1010 563 1162 631 αὖτε
1206 562 1423 644 Τρῶες
1466 560 1827 642 ἀρηιφίλων
1873 557 1981 624 ὑπ’
2023 559 2294 638 Ἀχαιῶν

656 670 851 733 Ἴλιον
895 667 1300 748 εἰςανέβηςαν
1345 662 1705 747 ἀναλκείῃςι
1750 661 2082 744 δαμέντες,

525 776 611 834 75
658 770 712 835 εἰ
758 772 838 849 μὴ
883 768 984 848 ἄρ’
1024 767 1236 853 Αἰνείᾳ
1280 788 1348 832 τε
1395 766 1494 830 καὶ
1534 764 1792 843 Ἕκτορι
1836 762 1979 830 εἶπε
2023 761 2345 842 παραςτὰς

655 871 1006 949 Πριαμίδης
1048 870 1340 946 Ἕλενος,
1386 867 1820 933 οἰωνοπόλων
1865 864 1967 946 ὄχ’
2009 864 2290 944 ἄριςτος·

824 971 1037 1038 Αἰνεία
1079 991 1147 1037 τε
1192 972 1296 1036 καὶ
1336 970 1594 1052 Ἕκτορ,
1639 968 1778 1033 ἐπεὶ
1822 966 2028 1032 πόνος
2072 964 2221 1046 ὔμμι
2264 964 2528 1046 μάλιςτα

657 1072 907 1152 Τρώων
951 1075 1055 1139 καὶ
1098 1072 1344 1138 Λυκίων
1390 1071 1771 1151 ἐγκέκλιται,
1820 1068 2030 1149 οὕνεκ’
2073 1067 2315 1146 ἄριςτοι

657 1180 863 1241 πᾶςαν
910 1174 1010 1240 ἐπ’
1053 1174 1192 1240 ἰθύν
1237 1173 1373 1239 ἐςτε
1417 1171 1717 1252 μάχεςθαί
1760 1191 1828 1234 τε
1871 1169 2178 1251 φρονέειν
2222 1188 2322 1252 τε,

524 1284 615 1342 80
657 1278 823 1356 ςτῆτ’
868 1276 1095 1347 αὐτοῦ.
1143 1276 1246 1340 καὶ
1291 1275 1453 1339 λαὸν
1498 1272 1835 1353 ἐρυκάκετε
1880 1271 2009 1351 πρὸ
2052 1268 2323 1335 πυλάων

656 1379 864 1463 πάντῃ
909 1378 1350 1459 ἐποιχόμενοι,
1395 1376 1546 1457 πρὶν
1593 1372 1728 1438 αὖτ’
1773 1373 1844 1440 ἐν
1887 1373 2062 1454 χερςὶ
2102 1376 2425 1448 γυναικῶν

621 1552 624 1555 ,
658 1480 1025 1561 φεύγοντας
1069 1478 1346 1554 πεςέειν,
1393 1477 1618 1556 δηίοιςι
1665 1476 1736 1541 δὲ
1781 1474 1989 1555 χάρμα
2032 1472 2336 1551 γενέςθαι.

658 1582 861 1662 αὐτὰρ
905 1579 1044 1646 ἐπεί
1086 1600 1155 1645 κε
1199 1579 1539 1660 φάλαγγας
1583 1577 2024 1656 ἐποτρύνητον
2069 1574 2346 1658 άπάςας,

656 1683 831 1762 ἡμεῖς
872 1684 988 1762 μὲν
1031 1683 1348 1746 Δαναοῑςι
1390 1679 1771 1760 μαχηςόμεθ’
1814 1677 1958 1743 αὖθι
2001 1678 2336 1759 μένοντες,
2412 1760 2413 1767 ¹

525 1790 609 1849 85
655 1770 757 1849 καὶ
800 1785 970 1864 μάλα
1011 1782 1366 1863 τειρόμενοί
1409 1801 1559 1862 περ·
1615 1780 1924 1860 ἀναγκαίη
1969 1779 2092 1858 γὰρ
2136 1778 2391 1855 ἐπείγει.

656 1887 919 1968 Ἕκτορ,
964 1885 1125 1966 ἀτὰρ
1174 1886 1245 1950 ςὺ
1289 1883 1482 1950 πόλιν
1527 1884 1601 1948 δὲ
1643 1882 1979 1962 μετέρχεο,
2027 1879 2165 1945 εἰπε
2208 1878 2265 1944 δ’
2309 1878 2530 1944 ἔπειτα

661 1987 875 2067 μητέρι
922 1993 995 2072 ςῇ
1040 1988 1143 2052 καὶ
1186 1986 1334 2070 ἐμῇ·
1380 1984 1419 2065 ἣ
1463 1985 1536 2050 δὲ
1579 1984 1940 2060 ξυνάγουςα
1981 1980 2238 2061 γεραιὰς

658 2091 819 2169 νηὸν
865 2088 1193 2169 Ἀθηναίης
1237 2088 1686 2166 γλαυκώπιδος
1730 2085 1802 2152 ἐν
1846 2084 2031 2151 πόλει
2077 2083 2306 2169 ἄκρῃ,·

658 2190 873 2257 οἴξαςα
916 2193 1120 2270 κληῖδι
1164 2189 1361 2268 θύρας
1403 2188 1609 2268 ἱεροῖο
1656 2188 1917 2268 δόμοιο,

527 2299 613 2357 90
656 2293 939 2375 πέπλον,
984 2291 1060 2358 ὅς
1105 2290 1167 2357 οἱ
1212 2291 1421 2357 δοκέει
1467 2289 1875 2370 χαριέςτατος
1919 2289 2033 2369 ἠδὲ
2078 2288 2367 2370 μέγιςτος

656 2393 822 2459 εἶναι
868 2394 962 2460 ἐνὶ
1006 2393 1264 2476 μεγάρῳ
1309 2390 1410 2457 καί
1454 2391 1519 2456 οἱ
1561 2391 1734 2456 πολὺ
1779 2392 2087 2472 φίλτατος
2130 2389 2288 2476 αὐτῇ
2302 2440 2321 2473 ,

654 2498 854 2563 θεῖναι
899 2494 1229 2576 Ἀθηναίης
1273 2494 1380 2561 ἐπὶ
1420 2494 1723 2572 γούναςιν
1766 2491 2110 2576 ἠυκόμοιο,

621 2714 686 2767 V.
725 2733 773 2768 1..
824 2720 889 2769 73
924 2716 1060 2769 ἔνθά
1095 2731 1195 2770 κεν
1230 2712 1561 2794 ΑΟΒΗῌΝ.
1598 2714 1760 2768 affl-e:
1801 2714 1871 2767 αὖ
1902 2711 1968 2767 G.
2003 2720 2185 2783 τρῲες
2210 2713 2320 2769 GL.
2357 2712 2680 2813 dprQhwv
2702 2713 2768 2766 A.

479 2848 539 2856 —
587 2822 652 2870 74
687 2816 766 2871 εἰς
801 2818 1076 2882 ἀνέβηςαν
1112 2818 1177 2870 A.
1214 2817 1501 2886 ἀναλκίῃςι
1537 2814 1652 2870 ΑΟ.
1690 2845 1756 2855 -
1792 2820 1858 2869 75
1893 2817 1962 2883 ἂρ
1997 2811 2344 2884 ΒΜΝΟ.”ἁρ
2378 2818 2444 2869 A.
2487 2814 2669 2869 αἰνεία
2704 2817 2770 2870 τὲ

481 2884 554 2940 N.
593 2919 657 2928 —
694 2890 757 2939 76
782 2884 1159 2940 οἰωνοπόλων
1183 2886 1249 2940 A.
1286 2908 1352 2923 --
1387 2890 1452 2938 77
1490 2883 1671 2938 αἰνεία
1696 2885 1761 2937 τὲ
1785 2884 1850 2935 A.
1888 2886 2021 2947 ὔμμι
2045 2882 2332 2940 AGHMN.
2368 2916 2431 2927 —
2471 2888 2537 2937 78
2560 2885 2770 2951 τρῴων

482 2985 596 3039 el.
635 3015 700 3024 -
738 2991 801 3040 ⁷9
837 2953 1033 3040 επῐιῑῖν
1078 2986 1202 3041 ecre
1238 2984 1304 3038 D.
1353 2985 1478 3040 ἰθὺν
1522 2986 1647 3039 ecre
1681 2981 2104 3064 ApGHLMNo.
2142 3015 2205 3025 -
2254 2991 2319 3039 so
2352 3001 2464 3053 προ
2500 2984 2565 3036 A.
2603 3013 2668 3022 -
2703 2990 2765 3038 ει

482 3056 673 3122 πάντῃ
717 3052 866 3105 ADE
911 3052 1088 3109 Bekk.
1138 3054 1243 3105 An.
1279 3059 1398 3120 832,
1437 3058 1523 3106 11:
1570 3053 1745 3106 oeten
1792 3053 1996 3121 πάντη.
2050 3088 2111 3097 -
2148 3059 2214 3108 82
2251 3056 2429 3122 δῄοιςῖ
2461 3049 2529 3105 H.
2574 3052 2769 3119 δηίοιςι

480 3138 548 3176 τε
584 3120 652 3175 D.
689 3150 756 3160 -
792 3126 859 3176 83
893 3121 1303 3189 ἑπωτρύνητον
1339 3119 1402 3174 Ο.
1438 3150 1503 3159 -
1541 3127 1608 3175 86
1646 3122 1814 3174 πόλιν
1849 3121 1910 3174 δὲ
1944 3119 2061 3174 AD.
2099 3123 2392 3189 μετέρχεοε
2433 3119 2690 3187 μετοίχεο
2722 3118 2768 3172 Ε

481 3188 640 3243 Vrat.
685 3205 734 3243 a.
781 3217 848 3228 —
891 3193 957 3243 87
1001 3190 1090 3243 δὲ;
1129 3191 1196 3256 δὴ
1245 3186 1385 3241 Mor.
1435 3186 1665 3242 Baroee.
1721 3188 2031 3253 ςυνάγουςα
2067 3188 2112 3243 G
2152 3188 2292 3242 Mor.
2339 3187 2563 3242 Baroee.
2601 3217 2666 3226 —
2702 3192 2768 3242 89

483 3259 673 3325 κληῖδι
707 3254 940 3311 DGMN.
977 3286 1041 3295 -
1077 3263 1144 3311 90
1178 3258 1239 3310 ὅς
1277 3257 1330 3310 οἱ
1354 3253 1929 3309 ACDEGHLMNOS:
1968 3257 2311 3312 recentiores
2346 3272 2415 3310 ex
2450 3255 2593 3309 coni.
2630 3257 2661 3310 ὅ
2698 3257 2767 3310 οἱ.

482 3355 547 3444 H
585 3330 645 3379 91
686 3324 1038 3446 ξζῖιὲιόεγάρῳ
1076 3323 1152 3445 HL
1182 3325 1461 3391 μεγάροιςι
1495 3322 1557 3378 Ε.
1595 3326 1686 3377 καὶ
1723 3325 1786 3378 ὃς
1822 3324 1883 3378 et
1914 3342 1999 3394 γρ.
2035 3324 2128 3379 καί
2161 3325 2216 3379 οἱ
2250 3324 2308 3378 L.
2345 3323 2768 3392 πολυφίλτατος

536 3433 550 3447 .
589 3422 653 3431 -
859 3408 1073 3460 ηναιοις
1155 3431 1169 3445 .

618 3594 683 3648 A.
719 3613 766 3653 0.
820 3600 885 3648 76
920 3595 1299 3650 οἰωνοπόλων
1324 3596 1412 3660 ὄχ’
1434 3596 1678 3663 ἄρκτου
1719 3596 2031 3663 Ἀμμώνιος
2057 3597 2135 3652 ὡς
2164 3597 2571 3665 Ἀριςτάρχειον
2607 3597 2765 3666 (Cod.

485 3663 863 3731 Ἀρίςταρχος)
902 3664 1246 3730 προφέρεται
1284 3666 1373 3717 καὶ
1398 3664 1618 3731 ταύτην
1653 3666 1763 3729 τὴν
1796 3680 1832 3728 γ
1954 3665 2026 3732 ἡν
2062 3664 2290 3730 ,,μάντίς
2324 3665 2380 3716 τ’
2412 3665 2768 3720 οἰωνοπόλος

481 3735 602 3785 τε“.
653 3734 820 3799 ἔργον
844 3733 905 3785 δὲ
937 3732 1008 3784 τὸ
1033 3734 1206 3797 ςαφὲς
1243 3732 1445 3786 εἰπεῖν·
1483 3732 1569 3785 διὸ
1606 3681 2160 3800 btxffleffiymus,
2198 3731 2340 3785 conf.
2366 3730 2435 3786 H.
2460 3732 2522 3785 T.
2562 3740 2672 3786 103.
2700 3763 2767 3772 —

481 3804 549 3854 87
582 3802 731 3853 τινές
769 3815 962 3867 ,,γεραι
1000 3799 1104 3854 άς“
1141 3799 1638 3864 ἀναγινώςκουςιν.
1682 3799 1779 3853 ἵνα
1812 3802 1974 3867 δηλοῖ
2006 3801 2109 3854 τὰς
2154 3800 2359 3866 ἱερείας
2394 3798 2577 3854 Schol.
2604 3799 2766 3853 BLV.

485 3897 549 3989 —t
580 3872 668 3988 ξ’ῖ,
703 3871 770 3921 88
796 3867 887 3987 ίεἰς
922 3883 974 3987 τὲ
1007 3867 1734 3989 1γλὶαυὲῗπιδοςῼὸτιέετέοὶν,
1772 3870 1862 3921 καὶ
1899 3866 2081 3990 {augg
2115 3869 2150 3932 ἡ
2190 3867 2768 3989 εἴς.ἐ....ἔὶἁπεριςςοέ

482 3950 1189 4069 ἓπᾶευιξῖαὲῗιῆτῖςονθν
1232 3977 1513 4070 ἔγκλιτική
1559 3951 1711 4057 ἓςτῼιν
1754 3937 2676 4071 ᾗὴἔτοξίἰαιῖἶιξῖηέυξέςίὲυττέςν
2691 3952 2764 4069 οἳ,

483 4086 595 4124 non
631 4070 664 4124 ὅ
698 4069 779 4137 οἱ,
815 4069 971 4149 legi}
1029 4070 1369 4125 recentiores
1412 4071 1530 4123 fere
1567 4083 1763 4149 qmues
1808 4074 1839 4125 ὅ
1884 4070 1940 4124 οἱ
1983 4070 2259 4135 scribunt,
2306 4069 2457 4137 quod
2502 4069 2656 4124 omni
2698 4069 2765 4123 li-

483 4138 712 4216 brqrnm
735 4137 1069 4216 apctontasse
1094 4139 1266 4195 caret.
1337 4155 1451 4218 qua
1473 4138 1797 4192 comentura.
1817 4154 1931 4192 non
1967 4153 2107 4207 opus
2131 4153 2249 4192 esse
2274 4135 2484 4191 docent
2503 4136 2601 4191 alii
2633 4136 2742 4192 loci

484 4205 690 4273 qmbus
733 4203 789 4258 ἀι
924 4223 1079 4259 mum
1125 4207 1468 4275 pronommis
1511 4207 1717 4260 tertiae
1760 4221 2032 4275 personae
2077 4203 2400 4287 neglectum
2455 4207 2567 4271 est,
2619 4219 2724 4259 con
2751 4246 2764 4260 .

484 4273 617 4328 οὐδέ
651 4273 737 4328 τίς
772 4290 804 4327 ο
862 4275 909 4329 Ζ
936 4281 1057 4339 1013
1094 4276 1315 4329 πέπλου
1350 4277 1419 4329 ὅν
1455 4275 1510 4329 οἱ
1542 4273 1580 4327 Ε
1608 4279 1732 4339 338;
1769 4272 2078 4341 ἀπείληςαν
2110 4290 2221 4344 γαρ
2245 4272 2298 4328 οί
2325 4274 2365 4328 Β
2391 4278 2514 4329 665·
2556 4275 2762 4344 μέγηρε

484 4341 591 4408 γάρ
625 4340 679 4395 οι
712 4342 760 4395 Ψ
796 4346 920 4407 8653
958 4357 1125 4411 porro
1161 4345 1208 4399 z
1242 4348 1359 4408 289,
1399 4347 1431 4397 λ
1467 4348 1584 4408 440,
1623 4359 1656 4396 ν
1689 4348 1808 4410 4530,
1844 4359 1877 4397 o
1915 4347 2030 4396 105.
2502 4316 2515 4345 ’
2651 4352 2665 4360 ·
