3144 5006
544 327 673 392 330
1450 328 1781 384 ΙΛΙΑΔΟ(
1851 331 1917 383 Ψ.

714 482 952 549 οὕνεκα
995 483 1110 549 τὰς
1153 485 1268 563 μὲν
1315 483 1439 563 ὅρα
1482 483 1574 549 ἔτι
1619 484 1722 548 καὶ
1765 483 1933 548 πολὺ
1979 485 2225 564 μᾶλλον
2270 482 2524 569 ἰούςας,

715 586 782 650 οἳ
825 585 898 650 δέ
940 585 1003 650 οἱ
1047 585 1453 667 ἐβλάφθηςαν
1500 585 1658 652 ἄνευ
1703 586 1998 665 κέντροιο
2044 586 2320 651 θέοντες.

715 686 854 751 οὐδ’
897 686 999 767 ἄρ’
1042 688 1378 767 Ἀθηναίην
1423 687 1908 769 ἐλεφηράμενος
1953 687 2092 752 λάθ’
2136 687 2476 754 Ἀπόλλων

721 789 1062 874 Τυδείδην,
1108 790 1277 870 μάλα
1319 790 1377 854 δ’
1421 788 1558 855 ὦκα
1603 790 1939 870 μετέςςυτο
1985 790 2261 869 ποιμένα
2303 791 2522 874 λαῶν,

551 897 676 955 390
719 897 886 957 δῶκε
932 893 1003 957 δέ
1051 891 1112 957 οἱ
1156 892 1452 975 μάςτιγα,
1497 893 1694 973 μένος
1740 892 1797 957 δ’
1836 892 2124 957 ἵπποιςιν
2172 892 2415 971 ἐνῆκεν.

714 994 753 1072 ἢ
799 995 870 1061 δὲ
913 993 1047 1073 μετ’
1090 995 1399 1073 Ἀδμήτου
1445 994 1589 1059 υἱὸν
1633 994 1945 1060 κοτέουςα
1990 996 2268 1078 βεβήκει,

709 1095 975 1161 ἵππειον
1021 1095 1093 1160 δέ
1138 1095 1200 1159 οἱ
1243 1094 1349 1174 ἦξε
1395 1097 1510 1160 θεὰ
1554 1096 1777 1171 ζυγόν·
1824 1096 1887 1160 αἱ
1929 1097 2001 1161 δέ
2047 1095 2109 1162 οἱ
2149 1095 2338 1161 ἵπποι

711 1198 909 1280 ἀμφὶς
953 1197 1113 1262 ὁδοῦ
1158 1198 1504 1282 δραμέτην,
1550 1199 1750 1277 ῥυμὸς
1795 1199 1853 1263 δ’
1897 1199 2003 1263 ἐπὶ
2044 1201 2235 1275 γαῖαν
2280 1196 2532 1277 ἐλύςθη.

713 1300 910 1365 αὐτὸς
954 1300 1011 1364 δ’
1057 1300 1125 1363 ἐκ
1171 1300 1431 1380 δίφροιο
1475 1302 1655 1379 παρὰ
1696 1301 1937 1380 τροχὸν
1984 1299 2368 1379 ἐξεκυλίςθη,

546 1407 669 1466 395
716 1401 1012 1478 ἀγκῶνάς
1054 1422 1121 1466 τε
1168 1403 1567 1482 περιδρύφθη
1614 1401 1809 1481 ςτόμα
1852 1422 1922 1467 τε
1967 1401 2150 1481 ῥῖνάς
2194 1421 2295 1484 τε,

714 1504 1012 1584 θρυλίχθη
1060 1506 1131 1569 δὲ
1172 1503 1475 1583 μέτωπον
1522 1504 1623 1568 ἐπ’
1668 1504 1925 1585 ὀφρύςι·
1972 1505 2065 1568 τὼ
2111 1504 2184 1568 δέ
2228 1503 2292 1567 οἱ
2336 1500 2482 1567 ὄςςε

713 1605 1030 1686 δακρυόφι
1074 1609 1381 1685 πλῆςθεν,
1429 1607 1665 1686 θαλερὴ
1713 1606 1785 1671 δέ
1831 1605 1891 1670 οἱ
1936 1605 2155 1684 ἔςχετο
2202 1605 2412 1686 φωνή.

712 1707 1015 1787 Τυδείδης
1059 1711 1130 1774 δὲ
1175 1708 1596 1788 παρατρέψας
1640 1709 1748 1788 ἔχε
1795 1709 2094 1788 μώνυχας
2134 1706 2408 1782 ἵππους,

682 1810 967 1875 κπολλὸν
1012 1816 1142 1875 τῶν
1187 1809 1404 1875 ἄλλων
1452 1808 1829 1889 ἐξάλμενος·
1880 1809 1949 1875 ἐν
1995 1809 2118 1888 γὰρ
2162 1808 2391 1887 Ἀθήνη

542 1917 671 1977 400
710 1911 934 1978 ἵπποις
978 1911 1090 1991 ἧκε
1135 1912 1327 1990 μένος
1370 1913 1472 1975 καὶ
1516 1912 1620 1982 ἐπ’
1665 1911 1840 1995 αὐτῷ
1883 1915 2076 1977 κῦδος
2120 1910 2323 1991 ἔθηκε.

715 2021 807 2098 τῷ
853 2014 910 2078 δ’
954 2013 1055 2092 ἄρ’
1098 2013 1199 2076 ἐπ’
1242 2013 1562 2092 Ἀτρείδης
1607 2012 1742 2092 εἶχε
1785 2014 2017 2080 ξανθὸς
2061 2013 2413 2079 Μενέλαος.

714 2115 1083 2195 Ἀντίλοχος
1127 2115 1185 2180 δ’
1225 2115 1513 2181 ἵπποιςιν
1559 2116 1850 2182 ἐκέκλετο
1896 2117 2139 2194 πατρὸς
2183 2114 2349 2179 ἑοῖο·

889 2218 1163 2299 ἔμβητον
1207 2217 1309 2282 καὶ
1353 2219 1554 2298 ςφῶι·
1601 2218 1951 2284 τιταίνετον
1998 2217 2132 2283 ὅττι
2155 2217 2452 2295 ·τάχιςτα.

715 2320 754 2399 ἦ
800 2340 899 2384 τοι
941 2321 1057 2399 μὲν
1105 2319 1396 2385 κείνοιςιν
1442 2320 1725 2400 ἐριζέμεν
1772 2319 1851 2384 οὔ
1895 2341 1951 2384 τι
1996 2320 2239 2385 κελεύω

543 2427 667 2486 405
711 2422 1032 2487 Τυδείδεω
1073 2420 1322 2487 ἵπποιςι
1366 2424 1760 2501 δαΐφρονος,
1808 2421 1970 2488 οἷςιν
2017 2422 2243 2500 Ἀθήνη

711 2529 830 2590 νῦν
876 2524 1073 2603 ὤρεξε
1116 2525 1314 2604 τάχος
1360 2527 1459 2590 καὶ
1503 2525 1604 2590 ἐπ’
1648 2524 1823 2608 αὐτῷ
1869 2528 2061 2589 κῦδος
2105 2524 2347 2604 ἔθηκεν.

656 2670 663 2675 -
706 2626 948 2691 ἵππους
995 2628 1051 2692 δ’
1098 2627 1421 2706 Ἀτρείδαο
1466 2628 1787 2710 κιχάνετε,
1833 2628 1913 2707 μὴ
1960 2627 2031 2692 δὲ
2077 2625 2416 2705 λίπηςθον,

712 2730 1119 2808 καρπαλίμως
1148 2778 1165 2811 ,
1207 2731 1289 2810 μὴ
1337 2735 1545 2809 ςφῶιν
1593 2730 1918 2810 ἐλεγχείην
1964 2728 2280 2811 καταχεύῃ

710 2829 864 2911 Αἴθη
905 2834 1100 2911 θῆλυς
1145 2832 1367 2896 ἐοῦςα·
1414 2832 1470 2896 τί
1515 2831 1553 2910 ἢ
1601 2830 1885 2896 λείπεςθε
1930 2831 2251 2913 φέριςτοις

678 2997 743 3056 V.
781 3017 829 3056 ι.
898 3004 998 3053 386
1042 3002 1129 3067 δρ’
1170 3002 1256 3054 ἔτί·
1292 2999 1359 3052 Η.
1399 3030 1458 3038 -
1497 3004 1596 3053 387
1633 3000 1939 3066 ἐβλάβηςαν
1977 2997 2114 3053 CGL
2141 2997 2284 3066 Lips.
2321 2997 2725 3065 ἐμβλάφθηςαν
2765 3000 2833 3054 H.

542 3069 763 3121 θέουςαι
801 3066 982 3123 Schol.
1018 3066 1178 3121 Pind.
1221 3068 1381 3136 Olym
1428 3115 1438 3125 .
1477 3067 1518 3133 Ι,
1555 3075 1639 3121 33.
1681 3097 1740 3106 -
1790 3074 1889 3122 368
1925 3069 1992 3134 ἂρ
2028 3065 2197 3120 ADH.
2236 3094 2294 3102 —
2344 3070 2443 3119 389
2480 3067 2727 3121 διέςςυτο
2771 3067 2836 3120 D.

542 3165 607 3173 -
653 3141 753 3189 390
789 3134 970 3189 omitt.
1007 3134 1075 3189 Η.
1119 3137 1342 3191 ἵπποιϊν
1406 3136 1438 3187 ’.
1478 3137 1706 3202 ἑνῆικεν
1742 3138 1808 3193 A.
1847 3165 1909 3174 —
1947 3141 2043 3189 391
2083 3136 2117 3201 ἢ
2154 3134 2214 3188 δὲ
2252 3132 2308 3187 C.
2356 3135 2390 3198 ἡ
2429 3133 2491 3187 δὲ
2528 3136 2657 3188 κατ’
2688 3134 2834 3189 Mor.

543 3204 813 3258 κοτέουςα
848 3204 1071 3270 βεβήκει
1109 3202 1251 3257 DHS
1289 3203 1448 3258 Cant.
1484 3202 1639 3257 Harl.
1676 3203 1842 3257 Mose,
1885 3209 1934 3259 2.
1960 3200 2119 3257 Vrat.
2157 3201 2211 3255 b.
2251 3199 2287 3253 d
2333 3202 2399 3253 A.
2434 3217 2521 3268 γρ.
2561 3204 2834 3258 κοτέουςα

543 3272 760 3335 βεβήκει
796 3272 862 3323 A.
899 3301 962 3311 -—-
999 3277 1099 3326 392
1135 3273 1194 3325 δέ
1237 3273 1291 3326 οἱ
1336 3274 1468 3339 ῥῆξε
1503 3269 1662 3324 Vrat.
1699 3273 1765 3324 A.
1811 3301 1874 3310 -·
1921 3276 2020 3324 393
2056 3272 2146 3324 ἐπι
2181 3268 2248 3324 D.
2294 3269 2465 3335 ἐλύθη
2504 3268 2544 3323 C
2584 3268 2742 3323 Vrat.
2784 3272 2835 3325 b.

540 3369 606 3377 —
642 3344 743 3391 394
778 3355 929 3406 παρα
963 3338 1083 3394 AD.
1142 3370 1197 3379 -
1257 3346 1357 3394 395
1402 3342 1579 3403 ςτόμά
1614 3356 1676 3394 τε
1722 3337 1832 3398 ΟΒ,
1880 3339 2036 3406 ῥῖνάς
2079 3355 2143 3393 τε
2187 3337 2247 3394 C.
2303 3367 2368 3375 —
2421 3343 2521 3391 396
2558 3337 2831 3405 θρυλίχθη

539 3404 671 3458 libri
715 3406 827 3459 mei
871 3423 1000 3460 cum
1045 3406 1204 3464 Cant.
1241 3406 1398 3461 Vrat.
1446 3410 1508 3459 A.
1556 3406 1701 3460 Flor.
1742 3406 1927 3475 Apoll.
1973 3405 2139 3475 Soph.
2190 3411 2277 3469 88,
2311 3411 2392 3457 21.
2440 3405 2747 3474 θρυλλίχθη
2789 3407 2830 3460 Ε

541 3490 702 3547 Rom.
744 3490 828 3549 Et.
855 3490 969 3561 Mg.
998 3498 1116 3556 456,
1143 3496 1225 3543 46.
1261 3497 1444 3546 ταῦτα
1478 3494 1513 3558 ἡ
1551 3492 1769 3546 πλείων
1804 3496 1990 3559 χρῆςις
2027 3492 2097 3545 δι’
2130 3492 2258 3546 ἑνὸς
2295 3495 2326 3544 λ
2363 3490 2483 3544 οἶδε
2521 3493 2833 3559 προφέρειν

541 3557 693 3615 Eust.
736 3566 879 3625 1307,
916 3566 999 3615 46.
1039 3561 1349 3625 πρόςωπον
1385 3559 1571 3628 Apoll.
1613 3560 1779 3628 Soph.
1819 3566 1908 3623 88,
1945 3566 2024 3612 21.
2064 3563 2148 3612 τῶ
2174 3560 2237 3615 Α.
2279 3590 2335 3596 -
2376 3563 2475 3611 397
2513 3560 2831 3626 δακρυόφιν

542 3625 858 3689 CDEGHL,
904 3626 1046 3680 conf.
1098 3629 1136 3681 Ρ
1173 3632 1287 3681 696.
1339 3657 1400 3666 -
1448 3634 1547 3680 398
1595 3644 1670 3679 πα
1709 3630 1744 3682 ὰ
1788 3630 1998 3695 τρέψας
2047 3626 2113 3678 Η.
2167 3658 2220 3664 -
2272 3632 2370 3679 399
2417 3628 2478 3680 ἓν
2518 3627 2580 3679 A.
2613 3656 2678 3664 -—
2725 3635 2831 3680 4ου

539 3696 707 3761 ἔθηκε
744 3692 911 3747 ADG.
950 3696 1129 3749 ἔδωκε
1167 3693 1208 3748 C
1244 3695 1391 3763 Lips.
1429 3696 1645 3749 ἔδωκεν
1675 3645 1736 3747 ἱ.
1776 3726 1841 3734 ——
1878 3703 1972 3749 401
2014 3698 2082 3762 ἂρ
2120 3692 2381 3749 ADGHL.
2418 3696 2511 3761 ἔχε
2547 3691 2643 3747 GL
2679 3693 2826 3763 Lips.

540 3761 684 3816 Flor.
735 3794 793 3800 -—
843 3768 942 3816 402
981 3761 1027 3814 D
1068 3769 1113 3815 1.
1151 3779 1300 3821 man.
1337 3763 1490 3827 ἑῆος,
1539 3779 1688 3814 nunc
1727 3764 1858 3817 ἑοῖο.
1905 3793 1970 3802 -
2015 3769 2115 3816 403
2152 3767 2333 3826 ςφῶϊν
2367 3760 2438 3813 Η.
2477 3793 2540 3800 -
2587 3768 2688 3816 404
2725 3766 2828 3826 μὲν

539 3832 646 3897 γὰρ
684 3831 943 3884 κείνοιςιν
977 3829 1018 3882 L
1057 3829 1208 3885 Vrat.
1250 3834 1312 3883 A.
1358 3828 1491 3882 Flor
1527 3830 1756 3884 κίνοιςιν
1792 3829 1858 3883 D.
1911 3861 1977 3870 -
2022 3836 2121 3884 406
2158 3833 2323 3896 ἔθηκε
2359 3827 2424 3881 D.
2470 3831 2685 3883 ἔδωκεν
2722 3829 2828 3883 CL.

540 3927 605 3936 -—
641 3905 739 3951 407
778 3900 1072 3963 κιχάνετον
1108 3897 1158 3950 Η
1186 3897 1341 3951 Vrat.
1382 3900 1445 3950 A.
1486 3900 1557 3964 μή
1597 3899 1656 3952 δὲ
1695 3897 2003 3952 ACDGHL.
2044 3928 2106 3937 —-
2142 3903 2241 3951 408
2278 3898 2544 3965 καταθείη
2583 3896 2739 3956 Harl.
2762 3927 2828 3938 -—

536 3972 637 4019 409
671 3969 728 4020 τί
763 3969 796 4032 ἡ
834 3968 909 4018 A=
947 3966 1124 4019 ceteri
1156 3967 1267 4035 τίη.
1304 3966 1528 4021 λίπεςθε
1566 3964 1677 4019 EG.

675 4155 739 4210 A.
776 4170 824 4206 ο.
894 4158 993 4206 387
1032 4155 1089 4205 δέ
1127 4153 1179 4206 οἱ
1217 4151 1596 4206 Aristarchus:
1632 4154 1684 4205 δ’
1717 4154 1797 4206 ἑοὶ
1832 4151 2072 4206 Ptolem.
2113 4151 2447 4206 Ascalonita.
2487 4180 2554 4189 --
2598 4158 2695 4206 391
2739 4170 2824 4207 κο-

539 4222 746 4275 τέουςα
783 4222 1026 4286 βεβήκει,
1064 4221 1132 4278 cf.
1170 4219 1236 4273 Η.
1264 4220 1330 4274 U.
1370 4228 1452 4274 75.
1480 4250 1548 4260 -
1584 4226 1682 4274 397
1719 4220 1790 4273 de
1828 4219 2134 4274 Aristarchi
2158 4220 2436 4289 scriptura
2459 4221 2653 4275 ἔςκετο
2677 4220 2822 4277 conf.

539 4286 610 4338 ad
650 4289 688 4341 Ρ
726 4293 842 4340 696.
881 4319 945 4326 -—
982 4295 1098 4355 405,
1133 4289 1608 4344 406’ἀθετοῡνται
1643 4288 1697 4343 οἱ
1732 4290 1835 4342 δύο
1871 4288 2321 4348 Aristonicus.
