3144 5006
1377 413 1707 468 ΙΛΙΑΔΟ(
1755 411 1795 465 1.
2686 414 2726 477 3

612 572 728 647 τὴν
774 570 843 635 δ’
885 571 1016 648 ἐγὼ
1063 570 1143 635 οὐ
1188 568 1388 635 λύςω·
1433 568 1584 648 πρίν
1631 589 1734 646 μιν
1780 569 1884 632 καὶ
1926 570 2126 646 γῆρας
2168 564 2410 633 ἔπειςιν

483 678 567 736 30
612 672 899 756 ἡμετέρῳ
945 672 1043 736 ἐνὶ
1087 670 1245 753 οἴκῳ
1289 671 1359 735 ἐν
1402 671 1650 748 Ἄργεϊ,
1695 671 1916 748 τηλόθι
1959 669 2234 751 πάτρης,

610 773 785 839 ἱςτόν
828 773 1260 853 ἐποιχομένην
1303 773 1406 836 καὶ
1449 772 1607 851 ἐμὸν
1651 773 1842 850 λέχος
1885 770 2262 837 ἀντιόωςαν.

610 873 764 939 ἀλλ’
806 868 924 957 ἴθι,
971 875 1054 954 μή
1099 875 1172 955 μ’
1217 874 1484 953 ἐρέθιζε,
1532 874 1855 952 ςαώτερος
1902 872 1993 938 ὥς
2039 893 2107 938 κε
2152 874 2348 952 νέηαι.

781 977 871 1042 ὣς
913 976 1135 1059 ἔφατ’,
1179 976 1417 1041 ἔδειςεν
1463 976 1530 1039 δ’
1576 975 1615 1040 ὁ
1658 971 1871 1053 γέρων
1918 976 2017 1039 καὶ
2061 974 2349 1039 ἐπείθετο
2394 974 2588 1057 μύθῳ.

612 1083 688 1159 βῆ
734 1080 805 1143 δ’
849 1079 1058 1145 ἀκέων
1103 1079 1280 1158 παρὰ
1324 1081 1471 1142 θῖνα
1514 1078 2027 1157 πολυφλοίςβοιο
2072 1077 2413 1158 θαλάςςης,

486 1185 567 1243 35
611 1181 825 1245 πολλὰ
868 1181 939 1244 δ’
980 1180 1188 1246 ἔπειτ’
1232 1180 1557 1246 ἀπάνευθε
1604 1181 1761 1244 κιὼν
1804 1179 1995 1257 ἠρᾶθ’
2039 1178 2077 1242 ὁ
2124 1179 2381 1257 γεραιὸς

612 1283 970 1349 Ἀπόλλωνι
1012 1282 1268 1360 ἄνακτι,
1313 1283 1430 1348 τὸν
1473 1283 1756 1361 ἠύκομος
1800 1282 1938 1346 τέκε
1983 1280 2196 1360 Λητώ·

778 1385 959 1451 κλῦθί
999 1405 1117 1463 μευ
1160 1383 1571 1467 ἀργυρότοξ’,
1620 1385 1694 1449 ὃς
1742 1382 1989 1462 Χρύςην
2035 1382 2464 1464 ἀμφιβέβηκας

618 1487 846 1552 Κίλλάν
891 1507 961 1552 τε
1005 1488 1235 1566 ζαθέην
1280 1486 1587 1551 Τενέδοιό
1631 1505 1699 1549 τε
1714 1464 2210 1568 Ρῖφιῖἀνάςςεις,

613 1588 905 1672 (μινθεῦ,
949 1588 1010 1652 εἴ
1053 1589 1213 1654 ποτέ
1257 1607 1357 1653 τοι
1402 1588 1687 1668 χαρίεντ’
1732 1587 1839 1652 ἐπὶ
1882 1587 2043 1666 νηὸν
2088 1586 2330 1671 ἔρεψα,

484 1695 572 1754 40
614 1691 654 1768 ἢ
699 1690 752 1755 εἰ
794 1691 874 1770 δή
919 1692 1080 1755 ποτέ
1123 1712 1223 1756 τοι
1268 1691 1426 1755 κατὰ
1469 1688 1669 1755 πίονα
1711 1690 1887 1769 μηρί’
1931 1690 2083 1767 ἔκηα

612 1792 867 1873 ταύρων
911 1793 1022 1871 ἠδ’
1063 1792 1292 1869 αἰγῶν,
1337 1791 1413 1857 τό
1458 1793 1531 1856 δέ
1576 1811 1682 1872 μοι
1725 1791 2008 1870 κρήηνον
2053 1792 2324 1868 ἐέλδωρ·

613 1895 845 1960 τίςειαν
891 1895 1148 1960 Δαναοὶ
1191 1894 1310 1972 ἐμὰ
1355 1894 1599 1973 δάκρυα
1642 1896 1799 1958 ςοῖςι
1847 1894 2142 1973 βέλεςςιν.

781 1997 870 2060 ὣς
913 1995 1111 2077 ἔφατ’
1154 1993 1537 2076 εὐχόμενος,
1583 1999 1701 2062 τοῦ
1746 1996 1815 2059 δ’
1859 1994 2043 2059 ἔκλυε
2090 1994 2333 2074 Φοῖβος
2377 1995 2728 2061 Ἀπόλλων.

615 2100 693 2178 βῆ
734 2098 806 2161 δὲ
847 2099 993 2163 κατ’
1040 2097 1416 2178 Οὐλύμποιο
1461 2098 1760 2176 καρήνων
1805 2097 2137 2177 χωόμενος
2183 2099 2331 2190 κῆρ,

487 2204 570 2261 45
615 2199 755 2265 τόξ’
798 2199 1060 2278 ὤμοιςιν
1106 2201 1279 2280 ἔχων
1324 2199 1716 2279 ἀμφηρεφέα
1758 2220 1826 2265 τε
1874 2199 2218 2280 φαρέτρην.

615 2300 926 2377 ἔκλαγξαν
972 2303 1042 2366 δ’
1084 2300 1197 2382 ἄρ’
1241 2300 1445 2367 ὀιςτοὶ
1487 2302 1602 2365 ἐπ’
1646 2300 1841 2380 ὤμων
1885 2301 2283 2383 χωομένοιο,

614 2402 812 2468 αὐτοῦ
856 2404 1251 2482 κινηθέντος·
1300 2404 1338 2468 ὃ
1387 2405 1456 2468 δ’
1499 2404 1597 2483 ἤιε
1639 2404 1817 2469 νυκτὶ
1861 2404 2101 2469 ἐοικώς.

617 2505 783 2570 ἕζετ’
824 2503 1035 2570 ἔπειτ’
1078 2506 1402 2572 ἀπάνευθε
1447 2512 1649 2597 νεῶν,
1695 2506 1851 2585 μετὰ
1894 2506 1962 2570 δ’
2007 2505 2106 2571 ἰὸν
2152 2505 2323 2584 ἕηκε·

616 2608 790 2685 δεινὴ
833 2608 905 2672 δέ
948 2610 1190 2687 κλαγγὴ
1234 2609 1448 2685 γένετ’
1494 2599 1837 2687 ἀργυρέοιο
1883 2610 2071 2688 βιοῖο.

487 2701 576 2772 50
618 2708 860 2788 οὐρῆας
898 2710 1014 2788 μὲν
1059 2715 1322 2788 πρῶτον
1367 2709 1662 2793 ἐπῴχετο
1705 2710 1806 2775 καὶ
1849 2711 2046 2774 κύνας
2090 2708 2362 2792 ἀργούς,

618 2811 824 2889 αὐτὰρ
865 2808 1072 2874 ἔπειτ’
1117 2811 1357 2877 αὐτοῑςι
1403 2812 1593 2892 βέλος
1637 2812 1976 2891 ἐχεπευκὲς
2018 2811 2219 2890 ἐφιεὶς

619 2910 849 2989 βάλλ’·-
880 2910 1001 2976 αἰεὶ
1043 2913 1114 2975 δὲ
1157 2914 1353 2991 πυραὶ
1396 2913 1644 2977 νεκύων
1690 2912 1951 2978 καίοντο
1996 2912 2258 2993 θαμειαί.

584 3111 650 3170 V.
680 3133 727 3168 ι..
764 3119 831 3167 29
864 3115 1028 3181 τήνδ’
1073 3113 1183 3167 GL.
1210 3143 1271 3154 -
1298 3120 1363 3170 33
1400 3117 1479 3169 ὣς
1517 3116 1670 3180 φάτο
1705 3110 1764 3171 13.
1801 3116 2031 3169 ἔδειςενε
2069 3112 2198 3166 lib‘ri
2233 3115 2487 3170 έδδειςεν.
2527 3118 2730 3172 ἔδδειςε

445 3179 490 3233 Ε
527 3187 612 3244 31,
648 3187 715 3234 30
749 3179 845 3232 FH
882 3180 1057 3234 Rekk.
1095 3182 1306 3239 Anccd.
1342 3189 1459 3248 835,
1503 3189 1545 3236 1.
1591 3214 1657 3222 —-
1704 3188 1769 3236 38
1808 3183 2037 3237 Κίλλαν;
2085 3182 2269 3236 πολλὰ
2315 3184 2375 3237 δὲ
2420 3187 2539 3237 τῶν
2582 3185 2730 3239 ἀντι-

482 3251 691 3315 ράφων
723 3250 794 3302 τὸ
832 3249 1034 3304 Κίλλα(
1081 3250 1276 3305 Κίλλος
1320 3253 1633 3318 γράφουςιν
1667 3250 1820 3304 Eunt.
1867 3257 1948 3316 33,
1992 3257 2073 3304 43.
2122 3280 2185 3289 -
2231 3256 2297 3305 39
2342 3251 2393 3305 εἴ
2438 3254 2602 3306 ποτέε
2652 3255 2732 3308 ὥς

444 3317 593 3370 ποτέ
629 3314 810 3369 Schol.
847 3317 894 3370 Θ
930 3323 1047 3372 203.
1084 3319 1259 3384 ἔρεψα
1295 3318 1348 3370 Η
1386 3322 1446 3372 et
1480 3319 1537 3371 in
1575 3335 1752 3396 marg.
1789 3322 1880 3375 ξα.
1923 3348 1994 3358 -
2035 3326 2104 3372 40
2138 3318 2316 3372 omitt.
2351 3318 2399 3371 D
2445 3321 2504 3372 in
2546 3321 2728 3374 textu.

447 3383 768 3438 καταπίονα
801 3382 1009 3438 ACGL.
1043 3386 1104 3439 ἔκ
1148 3403 1184 3438 α
1220 3385 1364 3444 Max.
1404 3387 1609 3472 Tyrius
1645 3386 1785 3438 Dms.
1823 3385 2077 3452 XXVIII,
2112 3392 2158 3441 6.
2184 3415 2250 3424 —-
2275 3393 2336 3439 41
2376 3388 2556 3441 omitt.
2587 3387 2637 3440 H
2673 3388 2731 3441 iu

445 3452 627 3508 textu.
663 3453 733 3505 τὸ
768 3453 855 3505 be:
893 3455 1025 3506 τόδε
1064 3452 1112 3504 Ι)
1196 3458 1278 3514 36,
1316 3461 1381 3508 33
1418 3453 1484 3508 (1.
1526 3456 1657 3508 τόδέ
1693 3453 1752 3507 C.
1792 3458 2039 3524 κρῄῃνον
2079 3453 2138 3507 L.
2174 3484 2238 3493 —
2262 3461 2328 3509 45
2363 3457 2728 3524 ἀμφηρεφέαε

446 3522 655 3585 ἀμφιρε
737 3537 771 3572 α
805 3518 902 3571 DL
938 3519 1094 3573 Vrat.
1143 3537 1188 3574 a.
1216 3521 1399 3578 Mose.
1438 3529 1487 3576 3.
1535 3552 1600 3560 -
1643 3526 1709 3575 46
1754 3524 1992 3577 ἔκλαξαν
2037 3522 2100 3576 Li
2143 3540 2182 3580 s,
2239 3530 2280 3575 1.
2318 3539 2465 3577 man.
2509 3526 2624 3592 ᾰρέ
2661 3525 2731 3591 ἂρ

448 3585 661 3640 ADGH
751 3585 1076 3640 Heraclides
1120 3590 1298 3658 Allcg.
1349 3590 1407 3644 C.
1447 3595 1526 3643 12.
1585 3621 1644 3629 —
1699 3596 1763 3644 47
1812 3591 1845 3643 ὃ
1890 3593 1940 3644 δ’
1983 3591 2082 3644 AG
2135 3632 2144 3642 .
2190 3593 2276 3644 ὅδ’
2319 3590 2440 3644 CH:
2488 3610 2540 3646 v.
2588 3594 2620 3646 ὁ
2665 3593 2729 3645 δ’.

448 3658 535 3722 ᾔιε
574 3654 643 3707 G.
679 3685 743 3693 —
778 3660 845 3709 48
881 3672 1022 3720 μετα
1059 3654 1151 3709 OG
1190 3659 1319 3725 ἕηκε
1357 3656 1461 3712 CL.
1509 3659 1640 3726 έηκε
1677 3659 1741 3711 A.
1789 3660 1921 3725 ἔηκε
1959 3657 2089 3711 DH:
2130 3676 2180 3714 ν,
2222 3660 2405 3727 ἕηκεν.
2445 3691 2510 3698 -
2545 3666 2607 3714 51
2647 3661 2729 3725 βέ-

422 3727 548 3776 ’λος
584 3725 639 3788 γ’
673 3721 726 3776 S.
763 3725 963 3790 ἐφιείςε
1002 3725 1185 3790 ἀφιεὶς
1221 3724 1258 3778 S
1294 3724 1463 3779 Mose.
1501 3734 1549 3779 3.
1587 3754 1654 3766 —
1699 3731 1763 3780 52
1801 3728 1924 3791 βάλ’
1958 3726 2023 3779 D.

586 3893 652 3944 A.
687 3911 736 3946 c.
770 3899 967 3948 29—31
1007 3894 1343 3949 ἀθετοῦνται
1390 3895 1842 3950 Aristomene.
1892 3926 1950 3935 —
1998 3903 2066 3951 33
2112 3899 2318 3951 ἔδειςεν
2362 3895 2731 3950 Aristarchus,

448 3989 514 4000 -
554 3967 621 4014 34
653 3962 867 4015 ἀκέωνι
903 3963 991 4016 ὅτι
1014 3964 1338 4030 Ζηνόδοτος
1373 3965 1462 4017 διὰ
1476 3967 1603 4017 ’τοῦ
1638 3981 1671 4029 χ
1707 3965 1937 4031 (ἀχέων)
1973 3965 2419 4019 Aristonicus,
2459 3993 2523 4002 —
2558 3970 2621 4018 41
2660 3967 2729 4018 τὸ

449 4029 538 4082 δέε
587 4028 913 4096 ἀρίςταρχος
958 4031 1061 4084 δύο
1105 4032 1244 4098 μέρη
1288 4033 1462 4096 λόγου
1508 4034 1579 4085 τὸ
1614 4034 1686 4086 τὸ
1728 4033 1792 4085 δέ
1828 4049 1946 4098 μοι,
1993 4034 2309 4099 ήρωδιανὸς
2345 4033 2408 4084 ἕν
2444 4029 2625 4086 Schol.
2662 4035 2729 4085 A.

452 4094 809 4149 Ptolemaeus
842 4096 1097 4150 Ascalon.
1134 4100 1287 4165 τόδε,
1323 4098 1466 4152 conf.
1506 4097 1570 4154 Η.
1612 4099 1675 4151 Τ.
1712 4105 1829 4154 362.
1854 4129 1918 4137 —
1950 4106 2017 4152 42
2051 4100 2283 4154 τίςειανε
2319 4098 2526 4153 τίςαιεν
2559 4099 2732 4153 Zeno-

452 4162 635 4229 dotus,
672 4163 745 4217 cf.
780 4162 1044 4219 Diintzcr.
1084 4165 1154 4219 de
1190 4166 1395 4220 Zenod.
1432 4184 1484 4234 p.
1523 4173 1604 4220 64.
1646 4196 1711 4204 -
1755 4173 1838 4231 46,
1876 4173 1942 4221 47
1977 4169 2299 4234 Ζηνόδοτος
2345 4168 2624 4235 ἠθέτηκεν
2661 4169 2729 4221 οὐ

453 4234 641 4285 καλῶς
679 4229 861 4285 Schol.
897 4233 964 4287 A.
1002 4263 1062 4272 -
1101 4241 1165 4288 47
1203 4233 1521 4288 Zenodotus
1556 4237 1717 4288 νυκτὶ
1757 4236 2005 4289 ἑλυςθείς
2041 4235 2387 4289 Aristonicus
2423 4235 2494 4288 ad
2531 4236 2589 4289 Μ
2614 4242 2730 4289 463.

428 4329 519 4354 ,-
562 4305 630 4352 49
675 4303 841 4363 βιοῑοι
887 4302 1245 4369 Ἀριςτάρχου
1287 4306 1319 4357 ὁ
1362 4304 1530 4356 τόνος
1579 4304 1730 4369 παρὰ
1774 4306 1882 4370 τήν
1928 4304 2079 4368 βίαν,
2127 4302 2269 4357 conf.
2309 4301 2377 4356 H.
2413 4298 2475 4354 T.
2513 4308 2625 4355 ⁶217.
2669 4332 2729 4342 —

454 4373 519 4420 52
555 4368 773 4431 θαμειαί
811 4369 1185 4423 Aristarchus:
1224 4369 1551 4440 Pamphilus
1589 4376 1825 4438 θαμεῖαι,
1864 4389 1913 4428 ν.
1953 4371 2018 4423 Η.
2057 4370 2118 4424 Τ.
2157 4377 2273 4425 279.

2253 4475 2322 4527 1ss
