3144 5006
534 414 661 481 342
1445 412 1775 470 ΙΛΙΑΔΟ(
1824 410 1900 467 Μ.

581 576 662 635 60
704 570 781 649 δὴ
825 569 972 636 τότε
1013 567 1446 649 Πουλυδάμας
1489 570 1724 648 θραςύν
1767 568 2041 648 Ἕκτορα
2084 567 2227 633 εἶπε
2271 568 2624 648 παραςτάς·

873 671 1098 752 Ἕκτόρ
1143 673 1198 737 τ’
1241 671 1341 750 ἠδ’
1384 670 1575 735 ἄλλοι
1616 670 1863 747 Τρώων
1908 668 2058 748 ἀγοὶ
2101 671 2202 751 ἠδ’
2245 670 2634 752 ἐπικούρων,

706 774 1053 856 ἀφραδέως
1096 775 1201 838 διὰ
1243 772 1499 852 τάφρον
1548 770 1906 852 ἐλαύνομεν
1951 771 2156 837 ὠκέας
2198 771 2457 837 ἵππους.

708 878 749 955 ἣ
794 878 866 941 δὲ
910 876 1054 956 μάλ’
1098 875 1378 955 ἀργαλέη
1422 874 1701 953 περάαν·
1747 873 2062 940 ςκόλοπες
2103 874 2227 953 γὰρ
2272 873 2344 939 ἐν
2390 874 2551 956 αὐτῇ

707 976 885 1044 ὀξέες
927 977 1150 1061 ἑςτᾶςι,
1195 977 1387 1056 προτὶ
1431 976 1489 1041 δ’
1532 977 1771 1042 αὐτοὺς
1814 979 2025 1056 τεῖχος
2071 977 2363 1055 Ἀχαιῶν.

585 1085 664 1144 65
713 1080 844 1146 ἔνθ’
889 1079 969 1144 οὔ
1015 1100 1155 1144 πως
1200 1079 1367 1144 ἐςτιν
1410 1080 1838 1159 καταβήμεναι
1884 1078 2040 1144 οὐδὲ
2084 1078 2385 1159 μάχεςθαι

707 1182 990 1246 ἱππεῦςι·
1038 1183 1282 1247 ςτεῖνος
1323 1180 1479 1265 γάρ,
1528 1180 1629 1247 ὅθι
1674 1181 2018 1260 τρώςεςθαι
2064 1180 2198 1246 ὀίω.

708 1283 764 1347 εἰ
807 1285 922 1363 μὲν
966 1283 1091 1362 γὰρ
1134 1283 1290 1348 τοὺς
1335 1282 1547 1363 πάγχυ
1592 1284 1753 1348 κακὰ
1797 1285 2104 1363 φρονέων
2149 1281 2460 1348 ἀλαπάζει

708 1385 873 1449 Ζεὺς
919 1381 1369 1468 ὑψιβρεμέτης,
1413 1384 1691 1464 Τρώεςςι
1735 1385 1807 1449 δὲ
1847 1384 1963 1449 ἵετ’
2007 1384 2292 1467 ἀρήγειν,

714 1486 752 1565 ἦ
797 1486 853 1551 τ’
897 1486 977 1551 ἂν
1023 1487 1152 1563 ἐγώ
1198 1486 1258 1562 γ’
1302 1487 1581 1565 ἐθέλοιμι
1626 1488 1732 1551 καὶ
1775 1486 1999 1552 αὐτίκα
2041 1491 2237 1551 τοῦτο
2281 1486 2591 1569 γενέςθαι,

587 1594 668 1652 70
710 1588 1093 1669 νωνύμνους
1137 1589 1487 1655 ἀπολέςθαι
1532 1588 1645 1654 ἀπ’
1686 1590 1958 1669 Ἄργεος
2002 1588 2216 1654 ἐνθάδ’
2262 1587 2587 1667 Ἀχαιούς·

710 1690 767 1755 εἰ
810 1691 881 1755 δέ
924 1690 983 1771 χ’
1027 1692 1509 1775 ὑποςτρέψωςι,
1554 1692 1854 1757 παλίωξις
1898 1692 1970 1757 δὲ
2014 1690 2272 1769 γένηται

712 1792 783 1857 ἐκ
825 1798 1024 1876 νηῶν,
1072 1795 1174 1858 καὶ
1214 1793 1446 1877 τάφρῳ
1491 1793 1933 1875 ἐνιπλήξωμεν
1978 1792 2236 1876 ὀρυκτῇ,

714 1894 925 1959 οὐκέτ’
969 1894 1162 1959 ἔπειτ’
1206 1894 1325 1959 ὀίω
1371 1895 1512 1959 οὐδ’
1554 1893 1834 1971 ἄγγελον
1880 1895 2261 1960 ἀπονέεςθαι

717 1996 1019 2076 ἄψορρον
1065 1998 1257 2077 προτὶ
1300 1995 1452 2062 ἄςτυ
1497 1997 1881 2077 ἑλιχθέντων
1929 1999 2037 2062 ὑπ’
2082 1997 2369 2076 Ἀχαιῶν.

592 2103 670 2161 75
717 2098 859 2163 ἀλλ’
903 2097 1097 2182 ἄγεθ’,
1143 2098 1233 2162 ώς
1278 2099 1358 2164 ἂν
1403 2098 1533 2175 ἐγὼ
1582 2098 1776 2182 εἴπω,
1822 2101 2184 2177 πειθώμεθα
2229 2098 2484 2162 πάντες.

710 2199 953 2263 ἵππους
997 2188 1134 2279 μέν’
1157 2200 1549 2279 θεράποντες
1595 2201 1960 2281 ἐρυκόντων
2007 2201 2112 2266 ἐπὶ
2153 2200 2407 2283 τάφρῳ,

716 2301 902 2366 αὐτοὶ
947 2302 1018 2367 δὲ
1063 2303 1338 2381 πρυλέες
1384 2304 1499 2368 ςὺν
1547 2304 1795 2383 τεύχεςι
1838 2303 2276 2384 θωρηχθέντες

717 2403 967 2481 Ἕκτορι
1011 2403 1248 2470 πάντες
1275 2405 1568 2487 ,ἑπώμεθ’
1614 2405 1911 2470 ἀολλέες·
1956 2404 2159 2483 αὐτὰρ
2206 2405 2452 2482 Ἀχαιοὶ

683 2505 802 2570 ὀὐ
845 2506 1156 2587 μενέους’,
1205 2508 1258 2572 εἰ
1301 2509 1380 2587 δή
1426 2528 1577 2590 ςφιν
1623 2508 1900 2586 ὀλέθρου
1945 2508 2189 2586 πείρατ’
2233 2508 2532 2585 ἐφῆπται.

685 2740 751 2795 V.
793 2762 841 2795 1..
902 2748 963 2796 61
1003 2744 1057 2796 τ’
1091 2743 1272 2801 omitt.
1299 2743 1366 2797 D.
1406 2746 1495 2811 ἠδ’
1522 2745 1584 2799 Α.
1623 2724 1916 2813 τρῲωνἸι.
1952 2723 2273 2809 ἐπικούρῶἵι
2299 2742 2362 2793 Λ.
2402 2770 2464 2779 —-
2503 2746 2566 2794 62
2603 2743 2716 2795 διὰε
2755 2759 2840 2809 γρ.

551 2812 678 2877 περὶ
714 2810 779 2865 A.
818 2811 1130 2875 ἐλαύνομεν
1167 2813 1348 2865 ὠκέας
1383 2812 1622 2881 ἵππους,
1660 2817 1695 2879 ἢ
1724 2813 1864 2866 κατά
1889 2828 2074 2873 τινας,
2112 2812 2181 2864 οὐ
2220 2811 2412 2875 μέντοι
2437 2811 2840 2877 καλῶς,σέλαύ-

550 2895 679 2933 νετε
725 2880 988 2945 μώνυχας
1030 2880 1241 2934 ἵππους
1287 2880 1332 2932 E
1369 2886 1494 2943 89²2,
1533 2887 1615 2934 55.
1664 2910 1727 2918 —
1773 2886 1838 2932 63
1873 2881 1908 2947 ἢ
1946 2880 2007 2932 δὲ
2045 2879 2100 2932 C.
2151 2880 2368 2944 περάαν
2404 2875 2471 2930 G.
2510 2879 2739 2946 ἑναυτῆι
2774 2879 2841 2931 Α.

551 2947 641 3001 ἀν’
675 2949 858 3014 αὐτὴν
895 2948 952 3004 C.
999 2977 1064 2986 --
1109 2953 1177 3002 64
1213 2950 1392 3002 ἑςτᾶςι
1428 2947 1555 3001 DG:
1596 2947 1770 3001 ceteri
1808 2949 2039 3001 ἑςτᾶςιν.
2087 2950 2254 3013 προτὶ
2289 2931 2339 2997 D
2377 2943 2563 3002 Schol.
2602 2945 2669 3001 V.
2708 2950 2842 3001 ποτὶ

553 3015 616 3068 Α.
655 3018 782 3082 περὶ
820 3014 1052 3069 CGHLS
1089 3014 1247 3069 Cant.
1283 3014 1426 3105 Lips.
1467 3015 1606 3069 Mor.
1645 3014 1861 3070 Townl.
1899 3014 2053 3067 Vrat.
2090 3014 2144 3067 b.
2181 3013 2328 3067 Flor.
2377 3043 2441 3052 —-
2486 3019 2553 3067 65
2588 3015 2754 3067 οὔπω
2793 3012 2841 3066 G

553 3082 777 3136 Rarocc.
814 3085 963 3137 ἐςτίν
1003 3082 1150 3137 ACL.
1187 3085 1300 3137 ἐςτὶ
1326 3083 1374 3135 (ι
1430 3085 1541 3136 ἐςτι
1563 3083 1633 3139 D.
1671 3114 1734 3121 —-
1770 3090 1836 3136 66
1873 3083 2134 3137 ἱππεῠςιν
2164 3080 2284 3134 DH.
2320 3118 2385 3126 -
2422 3087 2485 3135 67
2524 3081 2574 3135 εἰ
2608 3084 2712 3145 μὲν
2736 3083 2843 3148 γὰρ

552 3153 620 3216 δὴ
661 3150 1019 3204 ACDEGHL.
1069 3152 1118 3205 εἰ
1153 3153 1256 3217 μὲν
1291 3154 1359 3217 δὴ
1399 3150 1452 3203 S.
1493 3151 1665 3216 πάγχί
1698 3150 1758 3202 L.
1806 3151 2075 3205 ἀλαπάξει
2110 3150 2172 3202 L.
2210 3179 2272 3188 ω-
2319 3155 2384 3203 68
2420 3151 2652 3217 τρῲεςςι
2689 3148 2746 3204 L.
2782 3152 2845 3203 δὲ

556 3220 658 3271 ἵετ’
693 3217 761 3269 L:
800 3220 860 3271 δέ
896 3220 1119 3282 βούλετ’
1156 3217 1508 3278 ACDEGHS.
1547 3221 1785 3285 βούλετο
1812 3219 1974 3284 νίκην
2012 3220 2317 3337 ἢΒμάλιςτα
2339 3218 2589 3284 Τρώεςςι
2621 3218 2681 3270 δέ
2718 3219 2842 3282 βού-

556 3289 674 3339 λετ*
708 3287 938 3352 ἀρήγειν
975 3286 1127 3338 Euat.
1169 3292 1286 3352 893,
1327 3294 1372 3340 5.
1416 3316 1474 3324 -—
1514 3293 1579 3341 69
1618 3288 1709 3353 ἤτ’
1744 3286 1810 3341 D.
1848 3288 1997 3351 ἐγὼν
2083 3285 2263 3339 achm.
2300 3284 2511 3338 Anecd.
2548 3284 2616 3349 ΙΙ,
2654 3290 2763 3348 142,
2792 3291 2843 3339 6.

554 3353 1213 3489 ἓἮᾶἵεθέῦῧξῖἰ-,ἆὲὺῐῆ
1237 3358 1671 3491 Ῥωῖἵέἵέἔὲῗ
1709 3354 1809 3408 AH
1833 3352 2207 3477 fipssflxfssssiz·
2237 3354 2844 3475 λἯὲ-Οὲἕένύμοῖἑ

555 3524 927 3588 ἐνιπλήξομεν
962 3523 1033 3576 Η.
1075 3553 1134 3561 -
1174 3530 1239 3577 73
1274 3526 1378 3578 οὐκ
1415 3527 1497 3578 ἔτ’
1521 3524 1583 3579 Ε.
1619 3526 1725 3578 οἴω
1751 3523 1916 3579 CDH.
1957 3490 2126 3577 -ἶ
2164 3524 2273 3600 πρό
2309 3525 2365 3600 τὶ
2394 3521 2463 3577 Η.
2502 3522 2845 3599 ἑλιχθέντων

555 3588 763 3644 ACGL.
804 3593 1147 3711 ελιχὲέντων
1179 3591 1248 3649 D.
1286 3621 1352 3631 —
1388 3599 1452 3646 75
1488 3594 1604 3657 ἐγὼ
1644 3591 2024 3647 ACDEGHLS
2061 3608 2189 3645 cum
2225 3590 2381 3643 hbns
2415 3588 2639 3657 Heynil.
2678 3619 2740 3628 —
2779 3594 2846 3643 76

556 3659 780 3726 τάφρον
817 3658 864 3711 G
951 3675 1128 3719 arocc.
1165 3691 1230 3699 ——
1268 3665 1332 3714 78
1368 3662 1563 3715 ἀολέες
1602 3660 1668 3714 D.

693 3882 756 3934 Λ.
795 3899 842 3934 c.
901 3887 966 3934 64
1001 3883 1182 3937 ἑςτᾶςι
1219 3885 1412 3948 upon,
1459 3882 1606 3937 conf.
1644 3881 1694 3933 Φ
1730 3886 1828 3935 532
1874 3882 2074 3933 ἐλθωςι
2117 3881 2311 3947 προτὶ,
2358 3879 2399 3931 Χ
2438 3884 2537 3931 217
2588 3879 2848 3945 Ἀχαιοῖςι

564 3952 757 4017 προτὶ,
797 3951 834 4003 Κ
874 3956 972 4004 347
1018 3951 1390 4069 ςτρατόφι(νέ
1417 3952 1770 4016 προτιειλεῖν,
1806 3947 1874 4001 H.
1912 3946 1978 4000 U.
2013 3953 2114 4000 254
2138 3965 2217 4014 sq.
2266 3976 2330 3985 —
2366 3952 2432 3999 66
2468 3946 2720 4000 iuuenca:
2757 3946 2845 3999 ἱπ-

560 4022 706 4084 πῆας
743 4018 1145 4087 Aristophanes
1189 4036 1316 4071 cum
1396 4016 1655 4071 enodoto.
1704 4047 1765 4055 -
1808 4021 1874 4069 67
1911 4017 2289 4083 ἀριςτοφάνης
2338 4015 2389 4068 εἰ
2439 4016 2539 4078 μὲν
2572 4015 2679 4081 γὰρ
2714 4015 2849 4068 τοὺς

563 4086 748 4151 πάγχυ
784 4085 1136 4155 Didymae,
1174 4102 1275 4157 pro
1314 4087 1723 4153 Ἀριςτοφάνης
1754 4083 1932 4137 habeb
1965 4082 2147 4138 Schol.
2184 4082 2235 4136 V
2273 4083 2645 4150 Ἀρίςταρχος.
2681 4111 2745 4121 —-
2782 4086 2850 4136 68

561 4155 808 4219 βούλετέ
843 4157 950 4208 ἵετ’
985 4154 1106 4223 (sic)
1142 4156 1373 4222 ἀρήγειν
1409 4156 1596 4208 οὕτως
1632 4157 1797 4207 πᾶςαι
1832 4149 2132 4218 Didymus,
2172 4149 2243 4204 de
2279 4155 2446 4204 πᾶςαι
2495 4150 2642 4206 conf.
2678 4148 2748 4203 H.
2783 4148 2848 4204 Τ.

564 4227 660 4275 138
684 4239 803 4289 sqq.
840 4251 902 4260 —-
942 4228 1008 4276 70
1042 4226 1400 4289 νωνύμνους,
1438 4221 1583 4275 conf.
1618 4220 1686 4275 H.
1722 4219 1789 4273 U.
1829 4225 1942 4272 274.
1979 4248 2043 4256 —
2081 4224 2146 4272 77
2181 4219 2486 4286 ζηνόδοτος
2530 4218 2618 4272 διὰ
2653 4222 2757 4271 τοῦ
2794 4224 2845 4271 ’τ’

563 4289 681 4342 τὼς
716 4292 786 4342 ἂν
824 4290 938 4354 ἐγὼ
976 4291 1122 4344 εἴπω
1158 4290 1505 4360 Didymus.
1556 4318 1616 4328 —
1667 4294 1733 4343 79
1766 4287 2067 4354 Ζηνόδοτος
2104 4289 2193 4340 καί
2232 4286 2609 4355 ἀριςτοφάνης
2644 4291 2850 4354 πεῖραρ

566 4356 763 4409 ἑνικῶς
802 4356 1146 4427 Didymus,
