<?xml version="1.0" encoding="UTF-8"?>
<!DOCTYPE html PUBLIC "-//W3C//DTD XHTML 1.0 Transitional//EN"
    "http://www.w3.org/TR/xhtml1/DTD/xhtml1-transitional.dtd">
<html xmlns="http://www.w3.org/1999/xhtml" xml:lang="en" lang="en">
 <head>
  <title>
</title>
<meta http-equiv="Content-Type" content="text/html;charset=utf-8" />
  <meta name='ocr-system' content='tesseract 3.04.00' />
  <meta name='ocr-capabilities' content='ocr_page ocr_carea ocr_par ocr_line ocrx_word'/>
</head>
<body>
  <div class='ocr_page' id='page_1' title='image "./iliasadfidemlib00homegoog_0157.png"; bbox 0 0 3144 5006; ppageno 0'>
   <div class='ocr_carea' id='block_1_1' title="bbox 597 458 2715 526">
    <p class='ocr_par' dir='ltr' id='par_1_1' title="bbox 597 458 2715 526">
     <span class='ocr_line' id='line_1_1' title="bbox 597 458 2715 526; baseline 0.003 -7"><span class='ocrx_word' id='word_1_1' title='bbox 597 458 630 478; x_wconf 89' lang='grc'>““</span> <span class='ocrx_word' id='word_1_2' title='bbox 1363 465 1697 522; x_wconf 78' lang='grc' dir='ltr'>ΙΛΙΑΔΟΕ</span> <span class='ocrx_word' id='word_1_3' title='bbox 1743 463 1812 523; x_wconf 91' lang='lat' dir='ltr'>V.</span> <span class='ocrx_word' id='word_1_4' title='bbox 2592 460 2715 526; x_wconf 79' lang='grc'>147</span> 
     </span>
    </p>
   </div>
   <div class='ocr_carea' id='block_1_2' title="bbox 421 617 2572 2943">
    <p class='ocr_par' dir='ltr' id='par_1_2' title="bbox 421 617 2572 2943">
     <span class='ocr_line' id='line_1_2' title="bbox 593 617 2397 701; baseline -0.003 -14"><span class='ocrx_word' id='word_1_5' title='bbox 593 624 672 701; x_wconf 87' lang='grc' dir='ltr'>βῆ</span> <span class='ocrx_word' id='word_1_6' title='bbox 716 622 789 686; x_wconf 84' lang='grc' dir='ltr'>δὲ</span> <span class='ocrx_word' id='word_1_7' title='bbox 834 622 939 687; x_wconf 88' lang='grc' dir='ltr'>διὰ</span> <span class='ocrx_word' id='word_1_8' title='bbox 982 621 1367 701; x_wconf 80' lang='grc' dir='ltr'>προμάχων’</span> <span class='ocrx_word' id='word_1_9' title='bbox 1415 621 1564 700; x_wconf 85' lang='grc' dir='ltr'>περὶ</span> <span class='ocrx_word' id='word_1_10' title='bbox 1606 620 1731 699; x_wconf 85' lang='grc' dir='ltr'>γὰρ</span> <span class='ocrx_word' id='word_1_11' title='bbox 1777 620 1873 685; x_wconf 92' lang='grc' dir='ltr'>δίε</span> <span class='ocrx_word' id='word_1_12' title='bbox 1916 617 2171 699; x_wconf 85' lang='grc' dir='ltr'>ποιμένι</span> <span class='ocrx_word' id='word_1_13' title='bbox 2218 620 2397 683; x_wconf 89' lang='grc' dir='ltr'>λαῶν</span> 
     </span>
     <span class='ocr_line' id='line_1_3' title="bbox 593 720 2325 805; baseline -0.003 -17"><span class='ocrx_word' id='word_1_14' title='bbox 593 724 677 804; x_wconf 85' lang='grc' dir='ltr'>μή</span> <span class='ocrx_word' id='word_1_15' title='bbox 722 745 782 788; x_wconf 90' lang='grc' dir='ltr'>τι</span> <span class='ocrx_word' id='word_1_16' title='bbox 826 722 1054 805; x_wconf 85' lang='grc' dir='ltr'>πάθοι,</span> <span class='ocrx_word' id='word_1_17' title='bbox 1099 723 1261 801; x_wconf 83' lang='grc' dir='ltr'>μέγα</span> <span class='ocrx_word' id='word_1_18' title='bbox 1304 723 1377 787; x_wconf 91' lang='grc' dir='ltr'>δέ</span> <span class='ocrx_word' id='word_1_19' title='bbox 1421 741 1588 802; x_wconf 91' lang='grc' dir='ltr'>ςφας</span> <span class='ocrx_word' id='word_1_20' title='bbox 1633 721 2028 802; x_wconf 88' lang='grc' dir='ltr'>ἀποςφήλειε</span> <span class='ocrx_word' id='word_1_21' title='bbox 2072 720 2325 785; x_wconf 90' lang='grc' dir='ltr'>πόνοιο.</span> 
     </span>
     <span class='ocr_line' id='line_1_4' title="bbox 597 822 2092 904; baseline -0.002 -14"><span class='ocrx_word' id='word_1_22' title='bbox 597 826 690 890; x_wconf 87' lang='grc' dir='ltr'>τὼ</span> <span class='ocrx_word' id='word_1_23' title='bbox 737 826 851 903; x_wconf 78' lang='grc' dir='ltr'>μὲν</span> <span class='ocrx_word' id='word_1_24' title='bbox 899 826 977 903; x_wconf 89' lang='grc' dir='ltr'>δὴ</span> <span class='ocrx_word' id='word_1_25' title='bbox 1024 824 1241 904; x_wconf 84' lang='grc' dir='ltr'>χεῖράς</span> <span class='ocrx_word' id='word_1_26' title='bbox 1283 844 1352 889; x_wconf 92' lang='grc' dir='ltr'>τε</span> <span class='ocrx_word' id='word_1_27' title='bbox 1397 823 1497 888; x_wconf 88' lang='grc' dir='ltr'>καὶ</span> <span class='ocrx_word' id='word_1_28' title='bbox 1540 823 1734 903; x_wconf 81' lang='grc' dir='ltr'>ἔγχεα</span> <span class='ocrx_word' id='word_1_29' title='bbox 1779 822 2092 890; x_wconf 83' lang='grc' dir='ltr'>ὀξυόεντα</span> 
     </span>
     <span class='ocr_line' id='line_1_5' title="bbox 596 925 2145 1005; baseline -0.001 -15"><span class='ocrx_word' id='word_1_30' title='bbox 596 925 820 993; x_wconf 88' lang='grc' dir='ltr'>ἀντίον</span> <span class='ocrx_word' id='word_1_31' title='bbox 869 925 1171 1005; x_wconf 87' lang='grc' dir='ltr'>ἀλλήλων</span> <span class='ocrx_word' id='word_1_32' title='bbox 1216 926 1440 1005; x_wconf 82' lang='grc' dir='ltr'>ἐχέτην</span> <span class='ocrx_word' id='word_1_33' title='bbox 1487 932 1774 1005; x_wconf 83' lang='grc' dir='ltr'>μεμαῶτε</span> <span class='ocrx_word' id='word_1_34' title='bbox 1819 925 2145 1005; x_wconf 89' lang='grc' dir='ltr'>μάχεςθαι·</span> 
     </span>
     <span class='ocr_line' id='line_1_6' title="bbox 421 1026 2386 1108; baseline -0.001 -17"><span class='ocrx_word' id='word_1_35' title='bbox 421 1034 553 1093; x_wconf 88' lang='grc'>570</span> <span class='ocrx_word' id='word_1_36' title='bbox 594 1028 963 1108; x_wconf 85' lang='grc' dir='ltr'>Ἀντίλοχος</span> <span class='ocrx_word' id='word_1_37' title='bbox 991 1029 1079 1103; x_wconf 65' lang='grc' dir='ltr'>,δὲ</span> <span class='ocrx_word' id='word_1_38' title='bbox 1123 1029 1268 1108; x_wconf 80' lang='grc' dir='ltr'>μάλ’</span> <span class='ocrx_word' id='word_1_39' title='bbox 1311 1027 1459 1108; x_wconf 85' lang='grc' dir='ltr'>ἄγχι</span> <span class='ocrx_word' id='word_1_40' title='bbox 1500 1028 1842 1106; x_wconf 89' lang='grc' dir='ltr'>παρίςτατο</span> <span class='ocrx_word' id='word_1_41' title='bbox 1888 1026 2141 1107; x_wconf 84' lang='grc' dir='ltr'>ποιμένι</span> <span class='ocrx_word' id='word_1_42' title='bbox 2187 1029 2386 1091; x_wconf 90' lang='grc' dir='ltr'>λαῶν.</span> 
     </span>
     <span class='ocr_line' id='line_1_7' title="bbox 598 1129 2283 1210; baseline -0.001 -15"><span class='ocrx_word' id='word_1_43' title='bbox 598 1130 847 1196; x_wconf 82' lang='grc' dir='ltr'>Αἰνείας</span> <span class='ocrx_word' id='word_1_44' title='bbox 893 1132 949 1195; x_wconf 76' lang='grc' dir='ltr'>δ’</span> <span class='ocrx_word' id='word_1_45' title='bbox 994 1131 1074 1197; x_wconf 87' lang='grc' dir='ltr'>οὐ</span> <span class='ocrx_word' id='word_1_46' title='bbox 1118 1134 1293 1210; x_wconf 80' lang='grc' dir='ltr'>μεῖνε</span> <span class='ocrx_word' id='word_1_47' title='bbox 1337 1131 1493 1195; x_wconf 92' lang='grc' dir='ltr'>θοός</span> <span class='ocrx_word' id='word_1_48' title='bbox 1535 1149 1658 1209; x_wconf 92' lang='grc' dir='ltr'>περ</span> <span class='ocrx_word' id='word_1_49' title='bbox 1702 1129 1834 1194; x_wconf 82' lang='grc' dir='ltr'>ἐὼν</span> <span class='ocrx_word' id='word_1_50' title='bbox 1875 1130 2283 1209; x_wconf 88' lang='grc' dir='ltr'>πολεμιςτής,</span> 
     </span>
     <span class='ocr_line' id='line_1_8' title="bbox 600 1230 2252 1312; baseline -0.001 -16"><span class='ocrx_word' id='word_1_51' title='bbox 600 1231 690 1299; x_wconf 80' lang='grc' dir='ltr'>ὡς</span> <span class='ocrx_word' id='word_1_52' title='bbox 738 1232 912 1300; x_wconf 82' lang='grc' dir='ltr'>εἶδεν</span> <span class='ocrx_word' id='word_1_53' title='bbox 959 1233 1079 1297; x_wconf 89' lang='grc' dir='ltr'>δύο</span> <span class='ocrx_word' id='word_1_54' title='bbox 1126 1235 1307 1312; x_wconf 87' lang='grc' dir='ltr'>φῶτε</span> <span class='ocrx_word' id='word_1_55' title='bbox 1350 1232 1502 1311; x_wconf 75' lang='grc' dir='ltr'>παρ’</span> <span class='ocrx_word' id='word_1_56' title='bbox 1545 1230 1869 1311; x_wconf 73' lang='grc' dir='ltr'>ἀλλήλοιςι</span> <span class='ocrx_word' id='word_1_57' title='bbox 1915 1232 2200 1311; x_wconf 87' lang='grc' dir='ltr'>μένοντε.</span> <span class='ocrx_word' id='word_1_58' title='bbox 2244 1287 2252 1294; x_wconf 95' lang='grc'>.</span> 
     </span>
     <span class='ocr_line' id='line_1_9' title="bbox 601 1333 2464 1413; baseline -0.002 -14"><span class='ocrx_word' id='word_1_59' title='bbox 601 1336 667 1400; x_wconf 82' lang='grc' dir='ltr'>οἳ</span> <span class='ocrx_word' id='word_1_60' title='bbox 710 1335 768 1399; x_wconf 78' lang='grc' dir='ltr'>δ’</span> <span class='ocrx_word' id='word_1_61' title='bbox 811 1334 952 1399; x_wconf 82' lang='grc' dir='ltr'>ἐπεὶ</span> <span class='ocrx_word' id='word_1_62' title='bbox 997 1333 1118 1400; x_wconf 83' lang='grc' dir='ltr'>οὖν</span> <span class='ocrx_word' id='word_1_63' title='bbox 1164 1334 1433 1413; x_wconf 81' lang='grc' dir='ltr'>νεκροὺς</span> <span class='ocrx_word' id='word_1_64' title='bbox 1476 1334 1710 1413; x_wconf 85' lang='grc' dir='ltr'>ἔρυςαν</span> <span class='ocrx_word' id='word_1_65' title='bbox 1756 1334 1913 1413; x_wconf 90' lang='grc' dir='ltr'>μετὰ</span> <span class='ocrx_word' id='word_1_66' title='bbox 1957 1334 2119 1398; x_wconf 85' lang='grc' dir='ltr'>λαὸν</span> <span class='ocrx_word' id='word_1_67' title='bbox 2164 1333 2464 1413; x_wconf 86' lang='grc' dir='ltr'>Ἀχαιῶν,</span> 
     </span>
     <span class='ocr_line' id='line_1_10' title="bbox 599 1433 2302 1529; baseline -0.002 -29"><span class='ocrx_word' id='word_1_68' title='bbox 599 1438 691 1500; x_wconf 88' lang='grc' dir='ltr'>τὼ</span> <span class='ocrx_word' id='word_1_69' title='bbox 739 1438 853 1529; x_wconf 75' lang='grc' dir='ltr'>μὲν</span> <span class='ocrx_word' id='word_1_70' title='bbox 900 1436 1026 1515; x_wconf 88' lang='grc' dir='ltr'>ἄρα</span> <span class='ocrx_word' id='word_1_71' title='bbox 1070 1438 1263 1501; x_wconf 85' lang='grc' dir='ltr'>δειλὼ</span> <span class='ocrx_word' id='word_1_72' title='bbox 1310 1437 1581 1517; x_wconf 88' lang='grc' dir='ltr'>βαλέτην</span> <span class='ocrx_word' id='word_1_73' title='bbox 1627 1435 1698 1500; x_wconf 83' lang='grc' dir='ltr'>ἐν</span> <span class='ocrx_word' id='word_1_74' title='bbox 1742 1435 1953 1514; x_wconf 90' lang='grc' dir='ltr'>χερςὶν</span> <span class='ocrx_word' id='word_1_75' title='bbox 1998 1433 2302 1513; x_wconf 88' lang='grc' dir='ltr'>ἑταίρων,</span> 
     </span>
     <span class='ocr_line' id='line_1_11' title="bbox 425 1537 2300 1618; baseline 0 -18"><span class='ocrx_word' id='word_1_76' title='bbox 425 1543 554 1601; x_wconf 89' lang='grc'>575</span> <span class='ocrx_word' id='word_1_77' title='bbox 601 1539 778 1602; x_wconf 83' lang='grc' dir='ltr'>αὐτὼ</span> <span class='ocrx_word' id='word_1_78' title='bbox 825 1541 896 1603; x_wconf 79' lang='grc' dir='ltr'>δὲ</span> <span class='ocrx_word' id='word_1_79' title='bbox 941 1539 1321 1618; x_wconf 89' lang='grc' dir='ltr'>ςτρεφθέντε</span> <span class='ocrx_word' id='word_1_80' title='bbox 1368 1538 1522 1617; x_wconf 87' lang='grc' dir='ltr'>μετὰ</span> <span class='ocrx_word' id='word_1_81' title='bbox 1565 1539 1868 1616; x_wconf 86' lang='grc' dir='ltr'>πρώτοιςι</span> <span class='ocrx_word' id='word_1_82' title='bbox 1913 1537 2243 1617; x_wconf 88' lang='grc' dir='ltr'>μαχέςθην.</span> <span class='ocrx_word' id='word_1_83' title='bbox 2295 1557 2300 1561; x_wconf 93' lang='grc'><em>·</em></span> 
     </span>
     <span class='ocr_line' id='line_1_12' title="bbox 770 1638 2304 1719; baseline -0.002 -16"><span class='ocrx_word' id='word_1_84' title='bbox 770 1639 924 1703; x_wconf 80' lang='grc' dir='ltr'>ἔνθα</span> <span class='ocrx_word' id='word_1_85' title='bbox 966 1641 1377 1719; x_wconf 79' lang='grc' dir='ltr'>Πυλαιμένεα</span> <span class='ocrx_word' id='word_1_86' title='bbox 1419 1639 1642 1717; x_wconf 86' lang='grc' dir='ltr'>ἑλέτην</span> <span class='ocrx_word' id='word_1_87' title='bbox 1687 1638 2049 1703; x_wconf 87' lang='grc' dir='ltr'>ἀτάλαντον</span> <span class='ocrx_word' id='word_1_88' title='bbox 2093 1639 2304 1719; x_wconf 87' lang='grc' dir='ltr'>Ἄρηι,</span> 
     </span>
     <span class='ocr_line' id='line_1_13' title="bbox 602 1739 2208 1821; baseline 0 -17"><span class='ocrx_word' id='word_1_89' title='bbox 602 1739 806 1820; x_wconf 88' lang='grc' dir='ltr'>ἀρχὸν</span> <span class='ocrx_word' id='word_1_90' title='bbox 851 1740 1313 1821; x_wconf 85' lang='grc' dir='ltr'>Παφλαγόνων</span> <span class='ocrx_word' id='word_1_91' title='bbox 1360 1740 1771 1820; x_wconf 90' lang='grc' dir='ltr'>μεγαθύμων,</span> <span class='ocrx_word' id='word_1_92' title='bbox 1819 1739 2208 1805; x_wconf 86' lang='grc' dir='ltr'>ἀςπιςτάων·</span> 
     </span>
     <span class='ocr_line' id='line_1_14' title="bbox 600 1840 2287 1922; baseline -0.001 -15"><span class='ocrx_word' id='word_1_93' title='bbox 600 1844 717 1908; x_wconf 87' lang='grc' dir='ltr'>τὸν</span> <span class='ocrx_word' id='word_1_94' title='bbox 761 1844 877 1921; x_wconf 79' lang='grc' dir='ltr'>μὲν</span> <span class='ocrx_word' id='word_1_95' title='bbox 923 1840 1027 1921; x_wconf 76' lang='grc' dir='ltr'>ἄρ’</span> <span class='ocrx_word' id='word_1_96' title='bbox 1071 1843 1385 1922; x_wconf 84' lang='grc' dir='ltr'>Ἀτρείδης</span> <span class='ocrx_word' id='word_1_97' title='bbox 1433 1842 1622 1920; x_wconf 84' lang='grc' dir='ltr'>δουρὶ</span> <span class='ocrx_word' id='word_1_98' title='bbox 1664 1843 1906 1907; x_wconf 86' lang='grc' dir='ltr'>κλειτὸς</span> <span class='ocrx_word' id='word_1_99' title='bbox 1953 1842 2287 1907; x_wconf 91' lang='grc' dir='ltr'>Μενέλαος</span> 
     </span>
     <span class='ocr_line' id='line_1_15' title="bbox 602 1934 2255 2035; baseline 0.001 -28"><span class='ocrx_word' id='word_1_100' title='bbox 602 1942 845 2009; x_wconf 81' lang='grc' dir='ltr'>ἑςταότ’</span> <span class='ocrx_word' id='word_1_101' title='bbox 894 1944 1069 2024; x_wconf 85' lang='grc' dir='ltr'>ἔγχεϊ</span> <span class='ocrx_word' id='word_1_102' title='bbox 1112 1945 1260 2012; x_wconf 84' lang='grc' dir='ltr'>νύξε</span> <span class='ocrx_word' id='word_1_103' title='bbox 1305 1944 1465 2009; x_wconf 86' lang='grc' dir='ltr'>κατὰ</span> <span class='ocrx_word' id='word_1_104' title='bbox 1507 1946 1737 2021; x_wconf 83' lang='grc' dir='ltr'>κληῖδα</span> <span class='ocrx_word' id='word_1_105' title='bbox 1778 1945 2076 2035; x_wconf 75' lang='grc' dir='ltr'>τυχήςας·</span> <span class='ocrx_word' id='word_1_106' title='bbox 2249 1934 2255 1942; x_wconf 74' lang='grc'>’</span> 
     </span>
     <span class='ocr_line' id='line_1_16' title="bbox 423 2045 2375 2127; baseline 0 -18"><span class='ocrx_word' id='word_1_107' title='bbox 423 2051 558 2110; x_wconf 88' lang='grc'>580</span> <span class='ocrx_word' id='word_1_108' title='bbox 603 2045 968 2124; x_wconf 84' lang='grc' dir='ltr'>Ἀντίλοχος</span> <span class='ocrx_word' id='word_1_109' title='bbox 1014 2047 1085 2110; x_wconf 79' lang='grc' dir='ltr'>δὲ</span> <span class='ocrx_word' id='word_1_110' title='bbox 1131 2045 1421 2110; x_wconf 91' lang='grc' dir='ltr'>Μύδωνα</span> <span class='ocrx_word' id='word_1_111' title='bbox 1465 2047 1626 2127; x_wconf 81' lang='grc' dir='ltr'>βάλ’,</span> <span class='ocrx_word' id='word_1_112' title='bbox 1672 2045 1938 2124; x_wconf 82' lang='grc' dir='ltr'>ἡνίοχον</span> <span class='ocrx_word' id='word_1_113' title='bbox 1981 2046 2375 2124; x_wconf 86' lang='grc' dir='ltr'>θεράποντα,</span> 
     </span>
     <span class='ocr_line' id='line_1_17' title="bbox 603 2146 2572 2228; baseline 0.001 -17"><span class='ocrx_word' id='word_1_114' title='bbox 603 2146 832 2212; x_wconf 84' lang='grc' dir='ltr'>έςθλόν</span> <span class='ocrx_word' id='word_1_115' title='bbox 878 2148 1322 2226; x_wconf 83' lang='grc' dir='ltr'>Ἀτυμνιάδην,</span> <span class='ocrx_word' id='word_1_116' title='bbox 1373 2148 1410 2211; x_wconf 89' lang='grc' dir='ltr'>ὃ</span> <span class='ocrx_word' id='word_1_117' title='bbox 1456 2148 1512 2212; x_wconf 79' lang='grc' dir='ltr'>δ’</span> <span class='ocrx_word' id='word_1_118' title='bbox 1557 2147 1914 2228; x_wconf 84' lang='grc' dir='ltr'>ὑπέςτρεφε</span> <span class='ocrx_word' id='word_1_119' title='bbox 1960 2149 2260 2227; x_wconf 88' lang='grc' dir='ltr'>μώνυχας</span> <span class='ocrx_word' id='word_1_120' title='bbox 2301 2147 2572 2223; x_wconf 85' lang='grc' dir='ltr'>ἵππους,</span> 
     </span>
     <span class='ocr_line' id='line_1_18' title="bbox 602 2247 2425 2333; baseline 0.002 -22"><span class='ocrx_word' id='word_1_121' title='bbox 602 2250 920 2333; x_wconf 80' lang='grc' dir='ltr'>χερμαδίῳ</span> <span class='ocrx_word' id='word_1_122' title='bbox 966 2247 1228 2325; x_wconf 84' lang='grc' dir='ltr'>ἀγκῶνα</span> <span class='ocrx_word' id='word_1_123' title='bbox 1269 2250 1486 2328; x_wconf 85' lang='grc' dir='ltr'>τυχὼν</span> <span class='ocrx_word' id='word_1_124' title='bbox 1533 2249 1761 2329; x_wconf 88' lang='grc' dir='ltr'>μέςον·</span> <span class='ocrx_word' id='word_1_125' title='bbox 1808 2249 1875 2313; x_wconf 86' lang='grc' dir='ltr'>ἐκ</span> <span class='ocrx_word' id='word_1_126' title='bbox 1920 2249 1977 2314; x_wconf 80' lang='grc' dir='ltr'>δ’</span> <span class='ocrx_word' id='word_1_127' title='bbox 2022 2250 2147 2327; x_wconf 88' lang='grc' dir='ltr'>ἄρα</span> <span class='ocrx_word' id='word_1_128' title='bbox 2191 2252 2425 2328; x_wconf 89' lang='grc' dir='ltr'>χειρῶν</span> 
     </span>
     <span class='ocr_line' id='line_1_19' title="bbox 604 2349 2351 2434; baseline -0.001 -20"><span class='ocrx_word' id='word_1_129' title='bbox 604 2349 753 2429; x_wconf 80' lang='grc' dir='ltr'>ἡνία</span> <span class='ocrx_word' id='word_1_130' title='bbox 798 2350 966 2415; x_wconf 77' lang='grc' dir='ltr'>λεύκ’</span> <span class='ocrx_word' id='word_1_131' title='bbox 1010 2351 1313 2431; x_wconf 78' lang='grc' dir='ltr'>ἐλέφαντι</span> <span class='ocrx_word' id='word_1_132' title='bbox 1359 2350 1549 2429; x_wconf 88' lang='grc' dir='ltr'>χαμαὶ</span> <span class='ocrx_word' id='word_1_133' title='bbox 1593 2351 1791 2416; x_wconf 86' lang='grc' dir='ltr'>πέςον</span> <span class='ocrx_word' id='word_1_134' title='bbox 1837 2351 1906 2415; x_wconf 85' lang='grc' dir='ltr'>ἐν</span> <span class='ocrx_word' id='word_1_135' title='bbox 1952 2351 2251 2434; x_wconf 87' lang='grc' dir='ltr'>κονίῃςιν.</span> <span class='ocrx_word' id='word_1_136' title='bbox 2344 2352 2351 2359; x_wconf 84' lang='grc'><strong>’</strong></span> 
     </span>
     <span class='ocr_line' id='line_1_20' title="bbox 605 2450 2286 2533; baseline 0 -16"><span class='ocrx_word' id='word_1_137' title='bbox 605 2451 977 2531; x_wconf 81' lang='grc' dir='ltr'>Ἀντίλοχος</span> <span class='ocrx_word' id='word_1_138' title='bbox 1021 2452 1079 2517; x_wconf 83' lang='grc' dir='ltr'>δ’</span> <span class='ocrx_word' id='word_1_139' title='bbox 1122 2450 1224 2531; x_wconf 79' lang='grc' dir='ltr'>ἄρ’</span> <span class='ocrx_word' id='word_1_140' title='bbox 1266 2452 1527 2520; x_wconf 73' lang='grc' dir='ltr'>ἐπαΐξας</span> <span class='ocrx_word' id='word_1_141' title='bbox 1571 2452 1739 2533; x_wconf 86' lang='grc' dir='ltr'>ξίφει</span> <span class='ocrx_word' id='word_1_142' title='bbox 1783 2451 1977 2530; x_wconf 88' lang='grc' dir='ltr'>ἤλαςε</span> <span class='ocrx_word' id='word_1_143' title='bbox 2021 2451 2286 2531; x_wconf 88' lang='grc' dir='ltr'>κόρςην·</span> 
     </span>
     <span class='ocr_line' id='line_1_21' title="bbox 426 2552 2291 2635; baseline 0.001 -17"><span class='ocrx_word' id='word_1_144' title='bbox 426 2559 557 2622; x_wconf 89' lang='grc'>585</span> <span class='ocrx_word' id='word_1_145' title='bbox 603 2553 810 2633; x_wconf 82' lang='grc' dir='ltr'>αὐτὰρ</span> <span class='ocrx_word' id='word_1_146' title='bbox 853 2553 891 2618; x_wconf 86' lang='grc' dir='ltr'>ὅ</span> <span class='ocrx_word' id='word_1_147' title='bbox 935 2554 995 2629; x_wconf 80' lang='grc' dir='ltr'>γ’</span> <span class='ocrx_word' id='word_1_148' title='bbox 1039 2552 1399 2633; x_wconf 83' lang='grc' dir='ltr'>ἀςθμαίνων</span> <span class='ocrx_word' id='word_1_149' title='bbox 1444 2554 1746 2635; x_wconf 82' lang='grc' dir='ltr'>εὐεργέος</span> <span class='ocrx_word' id='word_1_150' title='bbox 1789 2555 2010 2620; x_wconf 84' lang='grc' dir='ltr'>ἔκπεςε</span> <span class='ocrx_word' id='word_1_151' title='bbox 2055 2554 2291 2634; x_wconf 84' lang='grc' dir='ltr'>δίφρου</span> 
     </span>
     <span class='ocr_line' id='line_1_22' title="bbox 607 2655 2376 2742; baseline 0.001 -22"><span class='ocrx_word' id='word_1_152' title='bbox 607 2655 927 2735; x_wconf 85' lang='grc' dir='ltr'>κύμβαχος</span> <span class='ocrx_word' id='word_1_153' title='bbox 972 2655 1044 2721; x_wconf 82' lang='grc' dir='ltr'>ἐν</span> <span class='ocrx_word' id='word_1_154' title='bbox 1087 2656 1368 2742; x_wconf 83' lang='grc' dir='ltr'>κονίῃςιν</span> <span class='ocrx_word' id='word_1_155' title='bbox 1414 2655 1520 2720; x_wconf 79' lang='grc' dir='ltr'>ἐπὶ</span> <span class='ocrx_word' id='word_1_156' title='bbox 1564 2655 1840 2736; x_wconf 89' lang='grc' dir='ltr'>βρεχμόν</span> <span class='ocrx_word' id='word_1_157' title='bbox 1884 2676 1953 2721; x_wconf 89' lang='grc' dir='ltr'>τε</span> <span class='ocrx_word' id='word_1_158' title='bbox 1998 2655 2103 2720; x_wconf 76' lang='grc' dir='ltr'>καὶ·</span> <span class='ocrx_word' id='word_1_159' title='bbox 2142 2656 2376 2734; x_wconf 84' lang='grc' dir='ltr'>ὤμους.</span> 
     </span>
     <span class='ocr_line' id='line_1_23' title="bbox 607 2755 2384 2840; baseline 0.001 -19"><span class='ocrx_word' id='word_1_160' title='bbox 607 2758 771 2835; x_wconf 85' lang='grc' dir='ltr'>δηθὰ</span> <span class='ocrx_word' id='word_1_161' title='bbox 814 2755 957 2834; x_wconf 81' lang='grc' dir='ltr'>μάλ’</span> <span class='ocrx_word' id='word_1_162' title='bbox 1002 2756 1273 2840; x_wconf 85' lang='grc' dir='ltr'>ἑςτήκει,</span> <span class='ocrx_word' id='word_1_163' title='bbox 1319 2757 1471 2836; x_wconf 90' lang='grc' dir='ltr'>τύχε</span> <span class='ocrx_word' id='word_1_164' title='bbox 1511 2756 1637 2837; x_wconf 86' lang='grc' dir='ltr'>γάρ</span> <span class='ocrx_word' id='word_1_165' title='bbox 1683 2757 1738 2836; x_wconf 78' lang='grc' dir='ltr'>ῥ’</span> <span class='ocrx_word' id='word_1_166' title='bbox 1783 2757 2055 2836; x_wconf 86' lang='grc' dir='ltr'>ἀμάθοιο</span> <span class='ocrx_word' id='word_1_167' title='bbox 2103 2758 2384 2838; x_wconf 87' lang='grc' dir='ltr'>βαθείης,</span> 
     </span>
     <span class='ocr_line' id='line_1_24' title="bbox 607 2856 2260 2943; baseline 0.001 -22"><span class='ocrx_word' id='word_1_168' title='bbox 607 2857 761 2939; x_wconf 82' lang='grc' dir='ltr'>ὄφρ’</span> <span class='ocrx_word' id='word_1_169' title='bbox 799 2856 984 2922; x_wconf 87' lang='grc' dir='ltr'>ἵππω</span> <span class='ocrx_word' id='word_1_170' title='bbox 1029 2859 1346 2938; x_wconf 86' lang='grc' dir='ltr'>πλήξαντε</span> <span class='ocrx_word' id='word_1_171' title='bbox 1390 2859 1584 2938; x_wconf 85' lang='grc' dir='ltr'>χαμαὶ</span> <span class='ocrx_word' id='word_1_172' title='bbox 1629 2860 1830 2939; x_wconf 88' lang='grc' dir='ltr'>βάλον</span> <span class='ocrx_word' id='word_1_173' title='bbox 1877 2859 1947 2925; x_wconf 85' lang='grc' dir='ltr'>ἐν</span> <span class='ocrx_word' id='word_1_174' title='bbox 1992 2859 2260 2943; x_wconf 84' lang='grc' dir='ltr'>κονίῃςι,</span> 
     </span>
    </p>
   </div>
   <div class='ocr_carea' id='block_1_3' title="bbox 429 2988 841 2996">
    <p class='ocr_par' dir='ltr' id='par_1_3' title="bbox 429 2988 841 2996">
     <span class='ocr_line' id='line_1_25' title="bbox 429 2988 841 2996; baseline 0 2010"><span class='ocrx_word' id='word_1_175' title='bbox 429 2988 841 2996; x_wconf 95' lang='lat' dir='ltr'> </span> 
     </span>
    </p>
   </div>
   <div class='ocr_carea' id='block_1_4' title="bbox 427 3040 2726 3724">
    <p class='ocr_par' dir='ltr' id='par_1_4' title="bbox 427 3040 2726 3724">
     <span class='ocr_line' id='line_1_26' title="bbox 571 3040 2722 3113; baseline 0.001 -17"><span class='ocrx_word' id='word_1_176' title='bbox 571 3042 638 3096; x_wconf 90' lang='lat' dir='ltr'>V.</span> <span class='ocrx_word' id='word_1_177' title='bbox 666 3062 718 3096; x_wconf 90' lang='lat'>1..</span> <span class='ocrx_word' id='word_1_178' title='bbox 754 3047 854 3098; x_wconf 86' lang='grc'>566</span> <span class='ocrx_word' id='word_1_179' title='bbox 874 3045 1003 3110; x_wconf 83' lang='grc' dir='ltr'>περὶ</span> <span class='ocrx_word' id='word_1_180' title='bbox 1026 3041 1222 3097; x_wconf 89' lang='lat' dir='ltr'>HLNO</span> <span class='ocrx_word' id='word_1_181' title='bbox 1249 3043 1436 3099; x_wconf 84' lang='lat' dir='ltr'><strong>Schol.</strong></span> <span class='ocrx_word' id='word_1_182' title='bbox 1465 3043 1510 3097; x_wconf 94' lang='grc' dir='ltr'>Ο</span> <span class='ocrx_word' id='word_1_183' title='bbox 1534 3048 1650 3109; x_wconf 89' lang='grc'>568,</span> <span class='ocrx_word' id='word_1_184' title='bbox 1677 3043 1729 3096; x_wconf 90' lang='lat' dir='ltr'>X</span> <span class='ocrx_word' id='word_1_185' title='bbox 1751 3049 1865 3098; x_wconf 79' lang='grc'>251.</span> <span class='ocrx_word' id='word_1_186' title='bbox 1894 3043 1979 3097; x_wconf 74' lang='lat' dir='ltr'>Et.</span> <span class='ocrx_word' id='word_1_187' title='bbox 2006 3043 2116 3113; x_wconf 61' lang='grc' dir='ltr'>ΜΒ.</span> <span class='ocrx_word' id='word_1_188' title='bbox 2141 3050 2256 3110; x_wconf 81' lang='grc'>273,</span> <span class='ocrx_word' id='word_1_189' title='bbox 2288 3049 2365 3097; x_wconf 91' lang='grc'>10.</span> <span class='ocrx_word' id='word_1_190' title='bbox 2391 3043 2519 3110; x_wconf 90' lang='grc' dir='ltr'>πέρι</span> <span class='ocrx_word' id='word_1_191' title='bbox 2540 3040 2722 3098; x_wconf 85' lang='lat' dir='ltr'><strong>AGM.</strong></span> 
     </span>
     <span class='ocr_line' id='line_1_27' title="bbox 429 3109 2725 3178; baseline -0.001 -12"><span class='ocrx_word' id='word_1_192' title='bbox 429 3128 564 3178; x_wconf 87' lang='grc' dir='ltr'>περι</span> <span class='ocrx_word' id='word_1_193' title='bbox 601 3109 712 3165; x_wconf 89' lang='lat' dir='ltr'>CD.</span> <span class='ocrx_word' id='word_1_194' title='bbox 768 3112 922 3177; x_wconf 81' lang='grc' dir='ltr'>παρὰ</span> <span class='ocrx_word' id='word_1_195' title='bbox 956 3110 1150 3165; x_wconf 82' lang='lat' dir='ltr'><strong>Zonar.</strong></span> <span class='ocrx_word' id='word_1_196' title='bbox 1187 3110 1317 3166; x_wconf 78' lang='lat' dir='ltr'><strong>Lex.</strong></span> <span class='ocrx_word' id='word_1_197' title='bbox 1356 3117 1473 3165; x_wconf 83' lang='lat'><strong>544.</strong></span> <span class='ocrx_word' id='word_1_198' title='bbox 1525 3114 1610 3166; x_wconf 86' lang='grc' dir='ltr'>δῖε</span> <span class='ocrx_word' id='word_1_199' title='bbox 1648 3110 1765 3165; x_wconf 87' lang='lat' dir='ltr'>CM.</span> <span class='ocrx_word' id='word_1_200' title='bbox 1823 3112 2063 3177; x_wconf 83' lang='grc' dir='ltr'>ποιμένα</span> <span class='ocrx_word' id='word_1_201' title='bbox 2107 3110 2301 3165; x_wconf 74' lang='lat' dir='ltr'><strong>Zonar.</strong></span> <span class='ocrx_word' id='word_1_202' title='bbox 2337 3109 2469 3164; x_wconf 84' lang='lat' dir='ltr'><strong>Lex.</strong></span> <span class='ocrx_word' id='word_1_203' title='bbox 2507 3116 2623 3164; x_wconf 81' lang='lat'><strong>544.</strong></span> <span class='ocrx_word' id='word_1_204' title='bbox 2657 3140 2725 3150; x_wconf 85' lang='lat'><em>-</em></span> 
     </span>
     <span class='ocr_line' id='line_1_28' title="bbox 427 3177 2722 3248; baseline -0.002 -14"><span class='ocrx_word' id='word_1_205' title='bbox 427 3185 531 3234; x_wconf 87' lang='grc'>567</span> <span class='ocrx_word' id='word_1_206' title='bbox 572 3179 740 3234; x_wconf 79' lang='grc' dir='ltr'>πάθοι</span> <span class='ocrx_word' id='word_1_207' title='bbox 774 3177 892 3232; x_wconf 88' lang='lat' dir='ltr'>LO:</span> <span class='ocrx_word' id='word_1_208' title='bbox 931 3180 1045 3233; x_wconf 90' lang='grc' dir='ltr'>πάθ</span> <span class='ocrx_word' id='word_1_209' title='bbox 1108 3178 1558 3233; x_wconf 85' lang='lat' dir='ltr'><strong>ACDEGHMNS</strong></span> <span class='ocrx_word' id='word_1_210' title='bbox 1586 3179 1645 3232; x_wconf 75' lang='lat' dir='ltr'>et</span> <span class='ocrx_word' id='word_1_211' title='bbox 1668 3178 1876 3248; x_wconf 79' lang='lat' dir='ltr'>Heynii</span> <span class='ocrx_word' id='word_1_212' title='bbox 1911 3179 2055 3237; x_wconf 82' lang='lat' dir='ltr'>libri.</span> <span class='ocrx_word' id='word_1_213' title='bbox 2095 3177 2277 3232; x_wconf 85' lang='lat' dir='ltr'><strong>Schol.</strong></span> <span class='ocrx_word' id='word_1_214' title='bbox 2305 3177 2348 3232; x_wconf 95' lang='grc' dir='ltr'>Ο</span> <span class='ocrx_word' id='word_1_215' title='bbox 2376 3183 2490 3233; x_wconf 88' lang='grc'>568.</span> <span class='ocrx_word' id='word_1_216' title='bbox 2528 3178 2722 3231; x_wconf 83' lang='lat' dir='ltr'><strong>Zonar.</strong></span> 
     </span>
     <span class='ocr_line' id='line_1_29' title="bbox 429 3245 2723 3315; baseline 0 -15"><span class='ocrx_word' id='word_1_217' title='bbox 429 3247 568 3301; x_wconf 81' lang='lat' dir='ltr'><strong>Lex.</strong></span> <span class='ocrx_word' id='word_1_218' title='bbox 605 3254 720 3301; x_wconf 76' lang='grc'>544.</span> <span class='ocrx_word' id='word_1_219' title='bbox 763 3248 824 3301; x_wconf 84' lang='grc' dir='ltr'>δέ</span> <span class='ocrx_word' id='word_1_220' title='bbox 872 3263 1014 3313; x_wconf 85' lang='grc' dir='ltr'>(φας</span> <span class='ocrx_word' id='word_1_221' title='bbox 1111 3245 1315 3300; x_wconf 82' lang='lat' dir='ltr'><strong>HLMO</strong></span> <span class='ocrx_word' id='word_1_222' title='bbox 1361 3246 1501 3301; x_wconf 87' lang='lat' dir='ltr'><strong>Mor.</strong></span> <span class='ocrx_word' id='word_1_223' title='bbox 1549 3246 1707 3301; x_wconf 76' lang='lat' dir='ltr'><strong>Vrat.</strong></span> <span class='ocrx_word' id='word_1_224' title='bbox 1746 3264 1795 3300; x_wconf 84' lang='lat' dir='ltr'>a.</span> <span class='ocrx_word' id='word_1_225' title='bbox 1840 3246 2026 3315; x_wconf 86' lang='lat' dir='ltr'><strong>Apoll.</strong></span> <span class='ocrx_word' id='word_1_226' title='bbox 2071 3246 2141 3300; x_wconf 88' lang='lat' dir='ltr'>de</span> <span class='ocrx_word' id='word_1_227' title='bbox 2186 3245 2350 3301; x_wconf 89' lang='lat' dir='ltr'><strong>Pron.</strong></span> <span class='ocrx_word' id='word_1_228' title='bbox 2399 3252 2493 3300; x_wconf 76' lang='grc'>127</span> <span class='ocrx_word' id='word_1_229' title='bbox 2533 3245 2590 3300; x_wconf 88' lang='lat' dir='ltr'>C.</span> <span class='ocrx_word' id='word_1_230' title='bbox 2636 3245 2723 3300; x_wconf 77' lang='lat' dir='ltr'>Et.</span> 
     </span>
     <span class='ocr_line' id='line_1_30' title="bbox 431 3313 2725 3385; baseline 0 -18"><span class='ocrx_word' id='word_1_231' title='bbox 431 3315 551 3385; x_wconf 59' lang='grc' dir='ltr'>ΜΒ.</span> <span class='ocrx_word' id='word_1_232' title='bbox 590 3320 703 3380; x_wconf 76' lang='lat'>128,</span> <span class='ocrx_word' id='word_1_233' title='bbox 731 3320 820 3367; x_wconf 76' lang='lat'>22:</span> <span class='ocrx_word' id='word_1_234' title='bbox 858 3316 917 3367; x_wconf 89' lang='grc' dir='ltr'>δέ</span> <span class='ocrx_word' id='word_1_235' title='bbox 954 3329 1124 3379; x_wconf 89' lang='grc' dir='ltr'>ςφεας</span> <span class='ocrx_word' id='word_1_236' title='bbox 1149 3313 1414 3368; x_wconf 83' lang='lat' dir='ltr'><strong>ACDEN.</strong></span> <span class='ocrx_word' id='word_1_237' title='bbox 1453 3316 1514 3369; x_wconf 84' lang='grc' dir='ltr'>δὲ</span> <span class='ocrx_word' id='word_1_238' title='bbox 1550 3317 1724 3380; x_wconf 89' lang='grc' dir='ltr'>ςφέας</span> <span class='ocrx_word' id='word_1_239' title='bbox 1760 3314 1892 3368; x_wconf 90' lang='lat' dir='ltr'><strong>Zon.</strong></span> <span class='ocrx_word' id='word_1_240' title='bbox 1920 3315 2051 3368; x_wconf 81' lang='lat' dir='ltr'><strong>Lex.</strong></span> <span class='ocrx_word' id='word_1_241' title='bbox 2080 3320 2197 3371; x_wconf 79' lang='grc'>270.</span> <span class='ocrx_word' id='word_1_242' title='bbox 2236 3344 2295 3353; x_wconf 83' lang='grc'>-·</span> <span class='ocrx_word' id='word_1_243' title='bbox 2335 3319 2435 3369; x_wconf 88' lang='grc'>568</span> <span class='ocrx_word' id='word_1_244' title='bbox 2470 3315 2725 3369; x_wconf 86' lang='grc' dir='ltr'>ὁξιόεντα</span> 
     </span>
     <span class='ocr_line' id='line_1_31' title="bbox 431 3379 2723 3447; baseline -0.001 -10"><span class='ocrx_word' id='word_1_245' title='bbox 431 3383 489 3437; x_wconf 89' lang='lat' dir='ltr'>S.</span> <span class='ocrx_word' id='word_1_246' title='bbox 516 3413 582 3422; x_wconf 89' lang='lat'>-</span> <span class='ocrx_word' id='word_1_247' title='bbox 606 3388 701 3436; x_wconf 88' lang='grc'>571</span> <span class='ocrx_word' id='word_1_248' title='bbox 741 3388 921 3447; x_wconf 82' lang='grc' dir='ltr'>μεῖναι</span> <span class='ocrx_word' id='word_1_249' title='bbox 946 3379 1072 3436; x_wconf 80' lang='lat' dir='ltr'>GM.</span> <span class='ocrx_word' id='word_1_250' title='bbox 1095 3417 1161 3426; x_wconf 90' lang='lat'>-</span> <span class='ocrx_word' id='word_1_251' title='bbox 1187 3387 1285 3436; x_wconf 81' lang='grc'>572</span> <span class='ocrx_word' id='word_1_252' title='bbox 1305 3384 1420 3437; x_wconf 86' lang='grc' dir='ltr'>εἶδε</span> <span class='ocrx_word' id='word_1_253' title='bbox 1442 3381 1613 3436; x_wconf 89' lang='grc' dir='ltr'>ΕΜΟ.</span> <span class='ocrx_word' id='word_1_254' title='bbox 1640 3384 1721 3437; x_wconf 86' lang='grc' dir='ltr'>ἴδε</span> <span class='ocrx_word' id='word_1_255' title='bbox 1746 3384 1811 3436; x_wconf 90' lang='lat' dir='ltr'>A.</span> <span class='ocrx_word' id='word_1_256' title='bbox 1835 3384 1957 3437; x_wconf 88' lang='grc' dir='ltr'>δύω</span> <span class='ocrx_word' id='word_1_257' title='bbox 1983 3380 2161 3436; x_wconf 84' lang='lat' dir='ltr'><strong>AGM.</strong></span> <span class='ocrx_word' id='word_1_258' title='bbox 2190 3413 2252 3421; x_wconf 88' lang='lat'><strong>—</strong></span> <span class='ocrx_word' id='word_1_259' title='bbox 2276 3388 2375 3436; x_wconf 88' lang='grc'>573</span> <span class='ocrx_word' id='word_1_260' title='bbox 2400 3381 2455 3437; x_wconf 80' lang='grc' dir='ltr'>οἳ</span> <span class='ocrx_word' id='word_1_261' title='bbox 2478 3384 2528 3437; x_wconf 79' lang='grc' dir='ltr'>δ’</span> <span class='ocrx_word' id='word_1_262' title='bbox 2552 3381 2723 3436; x_wconf 86' lang='lat' dir='ltr'><strong>ADL:</strong></span> 
     </span>
     <span class='ocr_line' id='line_1_32' title="bbox 431 3447 2726 3518; baseline -0 -13"><span class='ocrx_word' id='word_1_263' title='bbox 431 3452 544 3505; x_wconf 85' lang='grc' dir='ltr'>οἵδ’</span> <span class='ocrx_word' id='word_1_264' title='bbox 584 3447 858 3504; x_wconf 82' lang='lat' dir='ltr'><strong>CHMNO.</strong></span> <span class='ocrx_word' id='word_1_265' title='bbox 893 3479 959 3488; x_wconf 95' lang='lat'><strong>—</strong></span> <span class='ocrx_word' id='word_1_266' title='bbox 996 3455 1094 3504; x_wconf 84' lang='grc'>575</span> <span class='ocrx_word' id='word_1_267' title='bbox 1129 3451 1478 3516; x_wconf 83' lang='grc' dir='ltr'>ςτραφθέντε</span> <span class='ocrx_word' id='word_1_268' title='bbox 1503 3449 1578 3502; x_wconf 90' lang='grc' dir='ltr'>Μ.</span> <span class='ocrx_word' id='word_1_269' title='bbox 1617 3453 1932 3518; x_wconf 71' lang='grc' dir='ltr'>(τραφέντε</span> <span class='ocrx_word' id='word_1_270' title='bbox 1972 3449 2016 3504; x_wconf 92' lang='grc' dir='ltr'><strong>Ο</strong></span> <span class='ocrx_word' id='word_1_271' title='bbox 2056 3452 2115 3504; x_wconf 73' lang='lat' dir='ltr'>et</span> <span class='ocrx_word' id='word_1_272' title='bbox 2145 3468 2234 3517; x_wconf 83' lang='grc' dir='ltr'>γρ.</span> <span class='ocrx_word' id='word_1_273' title='bbox 2262 3452 2632 3518; x_wconf 54' lang='grc' dir='ltr'>’ςτρεφθέντε</span> <span class='ocrx_word' id='word_1_274' title='bbox 2660 3480 2726 3490; x_wconf 88' lang='lat'><em>-</em></span> 
     </span>
     <span class='ocr_line' id='line_1_33' title="bbox 432 3515 2725 3586; baseline 0 -14"><span class='ocrx_word' id='word_1_275' title='bbox 432 3524 536 3574; x_wconf 89' lang='grc'>578</span> <span class='ocrx_word' id='word_1_276' title='bbox 573 3520 657 3570; x_wconf 89' lang='grc' dir='ltr'>τὼ</span> <span class='ocrx_word' id='word_1_277' title='bbox 696 3519 798 3582; x_wconf 83' lang='grc' dir='ltr'>μὲν</span> <span class='ocrx_word' id='word_1_278' title='bbox 835 3516 907 3570; x_wconf 87' lang='grc' dir='ltr'>Μ.</span> <span class='ocrx_word' id='word_1_279' title='bbox 959 3518 1029 3583; x_wconf 79' lang='grc' dir='ltr'>ἂρ</span> <span class='ocrx_word' id='word_1_280' title='bbox 1062 3515 1237 3571; x_wconf 85' lang='lat' dir='ltr'><strong>AGM.</strong></span> <span class='ocrx_word' id='word_1_281' title='bbox 1283 3519 1646 3586; x_wconf 85' lang='grc' dir='ltr'>δουρικλυτὸς</span> <span class='ocrx_word' id='word_1_282' title='bbox 1684 3517 2010 3573; x_wconf 83' lang='lat' dir='ltr'><strong>ACDGMN.</strong></span> <span class='ocrx_word' id='word_1_283' title='bbox 2048 3550 2112 3557; x_wconf 89' lang='lat'>-—</span> <span class='ocrx_word' id='word_1_284' title='bbox 2148 3524 2247 3573; x_wconf 84' lang='grc'>579</span> <span class='ocrx_word' id='word_1_285' title='bbox 2283 3536 2428 3572; x_wconf 90' lang='grc' dir='ltr'>κατα</span> <span class='ocrx_word' id='word_1_286' title='bbox 2462 3519 2527 3571; x_wconf 92' lang='lat' dir='ltr'>A.</span> <span class='ocrx_word' id='word_1_287' title='bbox 2574 3520 2725 3586; x_wconf 88' lang='grc' dir='ltr'>παρὰ</span> 
     </span>
     <span class='ocr_line' id='line_1_34' title="bbox 433 3583 2725 3652; baseline -0.001 -12"><span class='ocrx_word' id='word_1_288' title='bbox 433 3585 591 3641; x_wconf 76' lang='lat' dir='ltr'><strong>Harl.</strong></span> <span class='ocrx_word' id='word_1_289' title='bbox 628 3583 841 3638; x_wconf 82' lang='lat' dir='ltr'><strong>Townl.</strong></span> <span class='ocrx_word' id='word_1_290' title='bbox 877 3587 1078 3652; x_wconf 83' lang='grc' dir='ltr'>κληῖδα</span> <span class='ocrx_word' id='word_1_291' title='bbox 1112 3584 1396 3640; x_wconf 85' lang='lat' dir='ltr'><strong>DGMNO.</strong></span> <span class='ocrx_word' id='word_1_292' title='bbox 1440 3616 1508 3626; x_wconf 89' lang='lat'>—</span> <span class='ocrx_word' id='word_1_293' title='bbox 1545 3592 1640 3640; x_wconf 86' lang='grc'>581</span> <span class='ocrx_word' id='word_1_294' title='bbox 1680 3586 1712 3640; x_wconf 90' lang='grc' dir='ltr'><strong><em>ὃ</em></strong></span> <span class='ocrx_word' id='word_1_295' title='bbox 1748 3587 1800 3639; x_wconf 79' lang='grc' dir='ltr'>δ’</span> <span class='ocrx_word' id='word_1_296' title='bbox 1833 3584 2114 3640; x_wconf 87' lang='lat' dir='ltr'><strong>ADMNO.</strong></span> <span class='ocrx_word' id='word_1_297' title='bbox 2160 3588 2245 3639; x_wconf 82' lang='grc' dir='ltr'>ὅδ’</span> <span class='ocrx_word' id='word_1_298' title='bbox 2282 3584 2490 3640; x_wconf 89' lang='lat' dir='ltr'><strong>CGHL.</strong></span> <span class='ocrx_word' id='word_1_299' title='bbox 2526 3616 2589 3625; x_wconf 89' lang='lat'>—</span> <span class='ocrx_word' id='word_1_300' title='bbox 2626 3591 2725 3639; x_wconf 78' lang='lat'>582</span> 
     </span>
     <span class='ocr_line' id='line_1_35' title="bbox 432 3651 2725 3724; baseline 0 -16"><span class='ocrx_word' id='word_1_301' title='bbox 432 3656 622 3722; x_wconf 85' lang='grc' dir='ltr'>χειρὸς</span> <span class='ocrx_word' id='word_1_302' title='bbox 658 3651 812 3706; x_wconf 76' lang='lat' dir='ltr'><strong>Vrat.</strong></span> <span class='ocrx_word' id='word_1_303' title='bbox 849 3654 915 3707; x_wconf 88' lang='lat' dir='ltr'>A.</span> <span class='ocrx_word' id='word_1_304' title='bbox 952 3683 1015 3691; x_wconf 90' lang='lat'>——</span> <span class='ocrx_word' id='word_1_305' title='bbox 1051 3658 1152 3708; x_wconf 89' lang='grc'>583</span> <span class='ocrx_word' id='word_1_306' title='bbox 1197 3656 1397 3710; x_wconf 85' lang='grc' dir='ltr'>πέςον;</span> <span class='ocrx_word' id='word_1_307' title='bbox 1445 3654 1613 3708; x_wconf 83' lang='grc' dir='ltr'>πέςεν</span> <span class='ocrx_word' id='word_1_308' title='bbox 1649 3652 1707 3706; x_wconf 89' lang='lat' dir='ltr'>L.</span> <span class='ocrx_word' id='word_1_309' title='bbox 1754 3654 1967 3724; x_wconf 85' lang='grc' dir='ltr'>κονίῃςι</span> <span class='ocrx_word' id='word_1_310' title='bbox 2002 3652 2068 3706; x_wconf 88' lang='lat' dir='ltr'>D.</span> <span class='ocrx_word' id='word_1_311' title='bbox 2104 3684 2168 3693; x_wconf 91' lang='lat'>—-</span> <span class='ocrx_word' id='word_1_312' title='bbox 2205 3660 2306 3708; x_wconf 83' lang='lat'>584</span> <span class='ocrx_word' id='word_1_313' title='bbox 2340 3655 2409 3722; x_wconf 84' lang='grc' dir='ltr'>ἂρ</span> <span class='ocrx_word' id='word_1_314' title='bbox 2445 3653 2725 3708; x_wconf 85' lang='lat' dir='ltr'><strong>AGDMO.</strong></span> 
     </span>
    </p>
   </div>
   <div class='ocr_carea' id='block_1_5' title="bbox 431 3786 2727 4062">
    <p class='ocr_par' dir='ltr' id='par_1_5' title="bbox 431 3786 2727 4062">
     <span class='ocr_line' id='line_1_36' title="bbox 511 3786 2727 3856; baseline -0 -14"><span class='ocrx_word' id='word_1_315' title='bbox 511 3791 528 3810; x_wconf 86' lang='lat'>²</span> <span class='ocrx_word' id='word_1_316' title='bbox 560 3788 741 3842; x_wconf 75' lang='lat' dir='ltr'><strong>omitt.</strong></span> <span class='ocrx_word' id='word_1_317' title='bbox 780 3787 892 3841; x_wconf 87' lang='lat' dir='ltr'>LN.</span> <span class='ocrx_word' id='word_1_318' title='bbox 932 3789 1124 3855; x_wconf 82' lang='grc' dir='ltr'>κόρςῑν</span> <span class='ocrx_word' id='word_1_319' title='bbox 1160 3786 1226 3842; x_wconf 81' lang='lat' dir='ltr'>G.</span> <span class='ocrx_word' id='word_1_320' title='bbox 1263 3820 1328 3828; x_wconf 91' lang='lat'>-—</span> <span class='ocrx_word' id='word_1_321' title='bbox 1364 3795 1465 3844; x_wconf 88' lang='grc'>586</span> <span class='ocrx_word' id='word_1_322' title='bbox 1501 3790 1714 3854; x_wconf 85' lang='grc' dir='ltr'>κονίηςι</span> <span class='ocrx_word' id='word_1_323' title='bbox 1749 3787 1826 3842; x_wconf 88' lang='lat' dir='ltr'><strong>M.</strong></span> <span class='ocrx_word' id='word_1_324' title='bbox 1865 3790 1956 3844; x_wconf 82' lang='grc' dir='ltr'>ἐπι</span> <span class='ocrx_word' id='word_1_325' title='bbox 1990 3789 2056 3842; x_wconf 92' lang='lat' dir='ltr'><strong>D.</strong></span> <span class='ocrx_word' id='word_1_326' title='bbox 2094 3792 2188 3856; x_wconf 88' lang='grc' dir='ltr'>βρε</span> <span class='ocrx_word' id='word_1_327' title='bbox 2228 3791 2336 3854; x_wconf 88' lang='grc' dir='ltr'>μόν</span> <span class='ocrx_word' id='word_1_328' title='bbox 2372 3791 2436 3843; x_wconf 89' lang='grc' dir='ltr'>Α.</span> <span class='ocrx_word' id='word_1_329' title='bbox 2485 3790 2727 3856; x_wconf 86' lang='grc' dir='ltr'>βρεγμόν</span> 
     </span>
     <span class='ocr_line' id='line_1_37' title="bbox 527 3855 2725 3923; baseline -0.001 -12"><span class='ocrx_word' id='word_1_330' title='bbox 527 3855 686 3911; x_wconf 73' lang='lat' dir='ltr'><strong>Cant.</strong></span> <span class='ocrx_word' id='word_1_331' title='bbox 726 3857 1004 3923; x_wconf 85' lang='grc' dir='ltr'>βρεγχμόν</span> <span class='ocrx_word' id='word_1_332' title='bbox 1040 3856 1092 3913; x_wconf 89' lang='lat' dir='ltr'>S.</span> <span class='ocrx_word' id='word_1_333' title='bbox 1131 3886 1197 3895; x_wconf 96' lang='lat'><strong>—</strong></span> <span class='ocrx_word' id='word_1_334' title='bbox 1233 3862 1332 3911; x_wconf 88' lang='grc'>587</span> <span class='ocrx_word' id='word_1_335' title='bbox 1359 3858 1602 3923; x_wconf 81' lang='grc' dir='ltr'>εἱςτήκει</span> <span class='ocrx_word' id='word_1_336' title='bbox 1626 3855 2173 3911; x_wconf 85' lang='lat' dir='ltr'><strong>ACDEGHLMNOS</strong></span> <span class='ocrx_word' id='word_1_337' title='bbox 2237 3856 2380 3911; x_wconf 86' lang='lat' dir='ltr'><strong>chol.</strong></span> <span class='ocrx_word' id='word_1_338' title='bbox 2406 3856 2444 3909; x_wconf 93' lang='lat' dir='ltr'>Z</span> <span class='ocrx_word' id='word_1_339' title='bbox 2468 3862 2584 3912; x_wconf 81' lang='lat'><strong>201.</strong></span> <span class='ocrx_word' id='word_1_340' title='bbox 2619 3858 2725 3923; x_wconf 84' lang='grc' dir='ltr'>γάρ</span> 
     </span>
     <span class='ocr_line' id='line_1_38' title="bbox 433 3922 2725 3992; baseline -0.001 -13"><span class='ocrx_word' id='word_1_341' title='bbox 433 3927 488 3992; x_wconf 83' lang='grc' dir='ltr'>ῥ’</span> <span class='ocrx_word' id='word_1_342' title='bbox 524 3924 762 3988; x_wconf 83' lang='grc' dir='ltr'>ἀμάθοιο</span> <span class='ocrx_word' id='word_1_343' title='bbox 797 3923 941 3978; x_wconf 86' lang='lat' dir='ltr'>ACD</span> <span class='ocrx_word' id='word_1_344' title='bbox 984 3932 1026 3979; x_wconf 88' lang='lat'>1.</span> <span class='ocrx_word' id='word_1_345' title='bbox 1063 3941 1209 3978; x_wconf 81' lang='lat' dir='ltr'><strong>man.</strong></span> <span class='ocrx_word' id='word_1_346' title='bbox 1246 3923 1290 3977; x_wconf 87' lang='grc' dir='ltr'><strong>Ε</strong></span> <span class='ocrx_word' id='word_1_347' title='bbox 1326 3924 1389 3978; x_wconf 89' lang='lat' dir='ltr'>Li</span> <span class='ocrx_word' id='word_1_348' title='bbox 1432 3942 1473 3978; x_wconf 80' lang='lat' dir='ltr'>S.</span> <span class='ocrx_word' id='word_1_349' title='bbox 1511 3924 1694 3979; x_wconf 83' lang='lat' dir='ltr'><strong>Schol.</strong></span> <span class='ocrx_word' id='word_1_350' title='bbox 1730 3923 1757 3977; x_wconf 95' lang='lat' dir='ltr'>I</span> <span class='ocrx_word' id='word_1_351' title='bbox 1793 3931 1908 3979; x_wconf 87' lang='grc'>593.</span> <span class='ocrx_word' id='word_1_352' title='bbox 1954 3927 2061 3992; x_wconf 83' lang='grc' dir='ltr'>γὰρ</span> <span class='ocrx_word' id='word_1_353' title='bbox 2102 3926 2338 3990; x_wconf 84' lang='grc' dir='ltr'>ἀμάθοιο</span> <span class='ocrx_word' id='word_1_354' title='bbox 2372 3922 2532 3977; x_wconf 86' lang='lat' dir='ltr'>MNO</span> <span class='ocrx_word' id='word_1_355' title='bbox 2568 3922 2725 3977; x_wconf 75' lang='lat' dir='ltr'><strong>Vrat.</strong></span> 
     </span>
     <span class='ocr_line' id='line_1_39' title="bbox 431 3943 2725 4062; baseline -0.002 -14"><span class='ocrx_word' id='word_1_356' title='bbox 431 4009 483 4048; x_wconf 78' lang='lat' dir='ltr'>a.</span> <span class='ocrx_word' id='word_1_357' title='bbox 521 3990 693 4049; x_wconf 76' lang='lat' dir='ltr'><strong>Mose.</strong></span> <span class='ocrx_word' id='word_1_358' title='bbox 734 3998 778 4044; x_wconf 95' lang='lat'>1.</span> <span class='ocrx_word' id='word_1_359' title='bbox 815 3998 862 4046; x_wconf 85' lang='grc'>3.</span> <span class='ocrx_word' id='word_1_360' title='bbox 909 4008 943 4046; x_wconf 82' lang='lat' dir='ltr'><strong>a</strong></span> <span class='ocrx_word' id='word_1_361' title='bbox 986 3993 1150 4060; x_wconf 85' lang='lat' dir='ltr'><strong>prim.</strong></span> <span class='ocrx_word' id='word_1_362' title='bbox 1195 4009 1345 4046; x_wconf 82' lang='lat' dir='ltr'><strong>man.</strong></span> <span class='ocrx_word' id='word_1_363' title='bbox 1381 3943 1566 4062; x_wconf 58' lang='lat' dir='ltr'><strong>Kpoll.</strong></span> <span class='ocrx_word' id='word_1_364' title='bbox 1604 3991 1735 4046; x_wconf 62' lang='lat' dir='ltr'>Lex</span> <span class='ocrx_word' id='word_1_365' title='bbox 1776 3998 1857 4059; x_wconf 77' lang='lat'>27,</span> <span class='ocrx_word' id='word_1_366' title='bbox 1898 3999 1977 4048; x_wconf 88' lang='lat'>10.</span> <span class='ocrx_word' id='word_1_367' title='bbox 2023 3993 2283 4046; x_wconf 88' lang='lat' dir='ltr'><strong>Ammon.</strong></span> <span class='ocrx_word' id='word_1_368' title='bbox 2320 3991 2391 4046; x_wconf 84' lang='lat' dir='ltr'>de</span> <span class='ocrx_word' id='word_1_369' title='bbox 2425 3988 2554 4044; x_wconf 84' lang='lat' dir='ltr'><strong>Diff.</strong></span> <span class='ocrx_word' id='word_1_370' title='bbox 2594 4008 2635 4044; x_wconf 82' lang='lat' dir='ltr'>S.</span> <span class='ocrx_word' id='word_1_371' title='bbox 2670 4008 2725 4044; x_wconf 85' lang='lat' dir='ltr'>v.</span> 
     </span>
    </p>
   </div>
   <div class='ocr_carea' id='block_1_6' title="bbox 430 4059 2726 4183">
    <p class='ocr_par' dir='ltr' id='par_1_6' title="bbox 430 4059 2726 4183">
     <span class='ocr_line' id='line_1_40' title="bbox 430 4059 2726 4183; baseline -0 -70"><span class='ocrx_word' id='word_1_372' title='bbox 430 4060 753 4183; x_wconf 50' lang='lat' dir='ltr'>ffiuffio</span> <span class='ocrx_word' id='word_1_373' title='bbox 751 4060 802 4113; x_wconf 84' lang='grc' dir='ltr'>δ’</span> <span class='ocrx_word' id='word_1_374' title='bbox 837 4060 906 4127; x_wconf 87' lang='grc' dir='ltr'>ἂρ</span> <span class='ocrx_word' id='word_1_375' title='bbox 941 4060 1179 4126; x_wconf 82' lang='grc' dir='ltr'>ἀμάθοιο</span> <span class='ocrx_word' id='word_1_376' title='bbox 1216 4059 1281 4115; x_wconf 82' lang='lat' dir='ltr'>G.</span> <span class='ocrx_word' id='word_1_377' title='bbox 1317 4066 1424 4129; x_wconf 83' lang='grc' dir='ltr'>γὰρ</span> <span class='ocrx_word' id='word_1_378' title='bbox 1460 4062 1745 4132; x_wconf 83' lang='grc' dir='ltr'>ψαμάθοιο</span> <span class='ocrx_word' id='word_1_379' title='bbox 1779 4059 1829 4114; x_wconf 92' lang='lat' dir='ltr'>D</span> <span class='ocrx_word' id='word_1_380' title='bbox 1868 4066 1916 4113; x_wconf 81' lang='lat'>2.</span> <span class='ocrx_word' id='word_1_381' title='bbox 1951 4076 2100 4114; x_wconf 74' lang='lat' dir='ltr'><strong>man.</strong></span> <span class='ocrx_word' id='word_1_382' title='bbox 2124 4059 2238 4117; x_wconf 88' lang='lat' dir='ltr'>HL.</span> <span class='ocrx_word' id='word_1_383' title='bbox 2276 4089 2345 4100; x_wconf 95' lang='lat'>-</span> <span class='ocrx_word' id='word_1_384' title='bbox 2378 4064 2478 4113; x_wconf 87' lang='grc'>588</span> <span class='ocrx_word' id='word_1_385' title='bbox 2514 4060 2726 4127; x_wconf 84' lang='grc' dir='ltr'>κονίῃςι</span> 
     </span>
    </p>
   </div>
   <div class='ocr_carea' id='block_1_7' title="bbox 473 4251 716 4259">
    <p class='ocr_par' dir='ltr' id='par_1_7' title="bbox 473 4251 716 4259">
     <span class='ocr_line' id='line_1_41' title="bbox 473 4251 716 4259; baseline 0 747"><span class='ocrx_word' id='word_1_386' title='bbox 473 4251 716 4259; x_wconf 95' lang='lat' dir='ltr'> </span> 
     </span>
    </p>
   </div>
   <div class='ocr_carea' id='block_1_8' title="bbox 775 4251 846 4258">
    <p class='ocr_par' dir='ltr' id='par_1_8' title="bbox 775 4251 846 4258">
     <span class='ocr_line' id='line_1_42' title="bbox 775 4251 846 4258; baseline 0.014 -1"><span class='ocrx_word' id='word_1_387' title='bbox 775 4251 846 4258; x_wconf 57' lang='grc' dir='ltr'>--α</span> 
     </span>
    </p>
   </div>
   <div class='ocr_carea' id='block_1_9' title="bbox 428 4311 2726 4451">
    <p class='ocr_par' dir='ltr' id='par_1_9' title="bbox 428 4311 2726 4451">
     <span class='ocr_line' id='line_1_43' title="bbox 574 4311 2726 4382; baseline -0 -14"><span class='ocrx_word' id='word_1_388' title='bbox 574 4318 639 4368; x_wconf 83' lang='lat' dir='ltr'>A.</span> <span class='ocrx_word' id='word_1_389' title='bbox 675 4331 722 4371; x_wconf 83' lang='lat' dir='ltr'>c.</span> <span class='ocrx_word' id='word_1_390' title='bbox 776 4319 872 4368; x_wconf 85' lang='grc'>567</span> <span class='ocrx_word' id='word_1_391' title='bbox 911 4330 1080 4382; x_wconf 75' lang='grc' dir='ltr'>ςφαςε</span> <span class='ocrx_word' id='word_1_392' title='bbox 1117 4317 1451 4370; x_wconf 88' lang='grc' dir='ltr'>ςυςταλτέον</span> <span class='ocrx_word' id='word_1_393' title='bbox 1486 4318 1576 4371; x_wconf 83' lang='grc' dir='ltr'>διὰ</span> <span class='ocrx_word' id='word_1_394' title='bbox 1612 4318 1680 4369; x_wconf 90' lang='grc' dir='ltr'>τὸ</span> <span class='ocrx_word' id='word_1_395' title='bbox 1719 4317 1923 4382; x_wconf 87' lang='grc' dir='ltr'>μέτρον</span> <span class='ocrx_word' id='word_1_396' title='bbox 1960 4311 2143 4368; x_wconf 86' lang='lat' dir='ltr'><strong>Sohol.</strong></span> <span class='ocrx_word' id='word_1_397' title='bbox 2169 4312 2292 4367; x_wconf 78' lang='lat' dir='ltr'>NV.</span> <span class='ocrx_word' id='word_1_398' title='bbox 2332 4347 2399 4357; x_wconf 90' lang='lat'>--</span> <span class='ocrx_word' id='word_1_399' title='bbox 2434 4317 2533 4368; x_wconf 89' lang='grc'>587</span> <span class='ocrx_word' id='word_1_400' title='bbox 2571 4314 2726 4382; x_wconf 85' lang='grc' dir='ltr'>ἑςτή-</span> 
     </span>
     <span class='ocr_line' id='line_1_44' title="bbox 428 4382 1416 4451; baseline -0.003 -11"><span class='ocrx_word' id='word_1_401' title='bbox 428 4399 547 4450; x_wconf 83' lang='grc' dir='ltr'>κει,</span> <span class='ocrx_word' id='word_1_402' title='bbox 585 4397 702 4436; x_wconf 87' lang='lat' dir='ltr'>non</span> <span class='ocrx_word' id='word_1_403' title='bbox 740 4383 1008 4451; x_wconf 76' lang='grc' dir='ltr'>εἰςτήκει,</span> <span class='ocrx_word' id='word_1_404' title='bbox 1045 4382 1416 4437; x_wconf 59' lang='lat' dir='ltr'><strong>Aristarchum</strong></span> 
     </span>
    </p>
   </div>
   <div class='ocr_carea' id='block_1_10' title="bbox 2212 4466 2318 4520">
    <p class='ocr_par' dir='ltr' id='par_1_10' title="bbox 2212 4466 2318 4520">
     <span class='ocr_line' id='line_1_45' title="bbox 2212 4466 2318 4520; baseline 0.009 -1"><span class='ocrx_word' id='word_1_405' title='bbox 2212 4466 2318 4520; x_wconf 84' lang='lat'>10*</span> 
     </span>
    </p>
   </div>
  </div>
 </body>
</html>
