3144 5006
503 375 625 439 150
1410 374 1750 431 ΙΛΙΑΔΟ(
1811 375 1871 433 Ρ.

666 530 905 596 δέξεται
952 528 1349 608 Ἀνδρομάχη
1396 529 1592 596 κλυτὰ
1634 528 1865 608 τεύχεα
1908 530 2300 607 Πηλεΐωνος.

843 631 914 714 ἦ,
961 631 1062 695 καὶ
1107 631 1443 714 κυανέῃςιν
1488 629 1591 694 ἐπ’
1635 629 1869 711 ὀφρύςι
1912 633 2095 695 νεῡςε
2146 630 2458 709 Κρονίων.

501 739 630 798 210
673 733 926 811 Ἕκτορι
968 733 1024 796 δ’
1070 731 1305 811 ἥρμοςε
1348 731 1553 812 τεύχε’
1597 731 1706 796 ἐπὶ
1749 732 1929 813 χροῒ,
1974 735 2052 798 δῦ
2097 733 2170 797 δέ
2215 753 2318 813 μιν
2363 733 2563 812 Ἄρης

673 834 884 901 δεινὸς
929 833 1257 917 ἐνυάλιος,
1302 835 1581 912 πλῆςθεν
1628 832 1685 898 δ’
1729 830 1855 912 ἄρα
1899 831 1960 898 οἱ
2005 834 2174 913 μέλε’
2220 834 2404 899 ἐντὸς

671 935 867 1014 ἀλκῆς
912 937 1014 1000 καὶ
1058 936 1332 1000 ςθένεος.
1422 934 1580 1014 μετὰ
1624 935 1696 1000 δὲ
1743 936 2030 1000 κλειτοὺς
2074 934 2459 1015 ἐπικούρους

675 1041 750 1118 βῆ
799 1037 880 1116 ῥα
923 1038 1084 1116 μέγα
1130 1027 1362 1115 ἰάχων·
1409 1036 1745 1102 ἰνδάλλετο
1793 1036 1864 1101 δέ
1911 1056 2082 1117 ςφιςι
2128 1040 2275 1102 πᾶςι

669 1138 912 1218 τεύχεςι
959 1137 1368 1217 λαμπόμενος
1413 1138 1758 1220 μεγαθύμῳ
1802 1138 2146 1217 Πηλεΐωνι.

504 1249 626 1318 215
673 1241 962 1320 ὤτρυνεν
1010 1241 1083 1305 δὲ
1129 1239 1394 1306 ἕκαςτον
1443 1239 1868 1319 ἐποιχόμενος
1913 1239 2187 1323 ἐπέεςςι,

676 1343 971 1420 Μέςθλην
1017 1362 1085 1407 τε
1133 1341 1412 1408 Γλαῦκόν
1457 1360 1525 1406 τε
1572 1341 1877 1406 Μέδοντά
1920 1362 1987 1406 τε
2033 1341 2425 1422 Θερςίλοχόν
2468 1363 2572 1426 τε,

672 1443 1121 1523 Ἀςτεροπαῑόν
1167 1464 1235 1509 τε
1281 1442 1648 1523 Δειςήνορά
1690 1444 1747 1507 θ’
1791 1442 2132 1509 Ἱππόθοόν
2176 1464 2274 1521 τε,

672 1545 927 1625 Φόρκυν
974 1565 1043 1610 τε
1091 1545 1373 1624 Χρομίον
1416 1565 1485 1609 τε
1532 1545 1634 1609 καὶ
1675 1544 1996 1624 Ἔννομον
2042 1546 2412 1626 οἰωνιςτήν·

672 1648 824 1712 τοὺς
870 1646 908 1711 δ’
953 1648 1011 1723 γ’
1054 1646 1431 1726 ἐποτρύνων
1476 1646 1637 1711 ἔπεα
1681 1646 2035 1727 πτερόεντα
2078 1649 2442 1728 προςηύδα·

508 1758 632 1815 220
846 1750 1104 1815 κέκλυτε
1150 1749 1339 1831 μυρία
1382 1751 1560 1829 φῦλα
1606 1749 2032 1826 περικτιόνων
2076 1749 2475 1830 ἐπικούρων·

677 1852 756 1917 οὐ
803 1853 926 1931 γὰρ
972 1851 1102 1928 ἐγὼ
1147 1850 1399 1930 πληθὺν
1445 1849 1781 1928 διζήμενος
1827 1849 1982 1915 οὐδὲ
2025 1852 2300 1930 χατίζων

676 1954 888 2020 ἐνθάδ’
934 1953 1049 2034 ἀφ’
1095 1952 1420 2031 ὑμετέρων
1466 1951 1719 2017 πολίων
1763 1951 1983 2029 ἤγειρα
2027 1952 2317 2028 ἕκαςτον,

675 2056 816 2121 ἀλλ’
855 2054 966 2120 ἵνα
1008 2074 1114 2133 μοι
1157 2053 1406 2131 Τρώων
1451 2051 1733 2132 ἀλόχους
1778 2054 1877 2117 καὶ
1922 2053 2119 2131 νήπια
2158 2054 2352 2120 τέκνα

675 2156 1109 2237 προφρονέως
1155 2154 1405 2235 ῥύοιςθε
1451 2154 1956 2235 φιλοπτολέμων
2003 2151 2105 2219 ὑπ’
2152 2155 2447 2235 Ἀχαιῶν.

506 2265 636 2322 225
682 2259 764 2324 τὰ
806 2259 1116 2338 φρονέων
1162 2257 1422 2335 δωροιςι
1466 2256 1844 2335 κατατρύχω
1891 2257 1992 2322 καὶ
2035 2257 2244 2341 ἐδωδῇ

680 2358 911 2441 λαούς,
958 2358 1270 2438 ὑμέτερον
1316 2359 1388 2423 δὲ
1432 2357 1701 2423 ἑκάςτου
1743 2358 1949 2438 θυμὸν
1995 2359 2180 2427 ἀέξω.

677 2466 768 2528 τῶ
810 2482 903 2527 τις
948 2463 1069 2527 νῦν
1115 2460 1247 2527 ἰθὺς
1290 2460 1717 2540 τετραμμένος
1761 2460 1799 2540 ἢ
1846 2459 2220 2544 ἀπολὲςθω,

679 2565 753 2643 ἠὲ
798 2564 1137 2643 ςαὶυθήτω·
1183 2563 1221 2641 ἣ
1266 2563 1393 2641 γὰρ
1437 2562 1731 2641 πολέμου
1776 2561 2088 2643 όαριςτύς.

680 2668 755 2732 ὃς
801 2666 873 2730 δέ
918 2685 987 2730 κε
1030 2664 1412 2743 Πάτροκλον
1459 2664 1562 2729 καὶ
1606 2664 1937 2742 τεθνηῶτά
1981 2685 2101 2745 περ
2146 2665 2348 2745 ἔμπης

511 2775 641 2832 230
692 2768 920 2846 Τρῶας
965 2766 1031 2831 ἐς
1074 2765 1483 2845 ἱπποδάμους
1527 2764 1749 2848 ζρύςῃ,
1794 2764 1926 2849 εἴξῃ
1970 2767 2042 2831 δέ
2087 2767 2149 2831 οἱ
2190 2766 2378 2850 Αἴας,

646 2951 715 3005 V.
752 2971 799 3005 ι..
871 2956 970 3006 209
1019 2953 1297 3018 ἐποφρῠςϊ
1331 2949 1400 3003 H.
1449 2980 1511 2990 —-
1558 2955 1658 3003 212
1695 2953 1764 3004 κλ
1802 2951 1939 3005 τοὺς
1978 2951 2042 3004 H.
2094 2952 2332 3006 κλύτοὺς
2369 2950 2427 3007 L.
2481 2982 2534 2990 -—
2584 2950 2686 3006 213
2730 2955 2805 3021 ῥὰ

508 3021 557 3075 D
598 3026 645 3080 2.
682 3036 829 3076 man.
868 3017 981 3072 HL.
1018 3020 1080 3073 δέ
1115 3036 1246 3086 ςφιν
1280 3017 1324 3071 L
1359 3017 1508 3088 Lips.
1545 3023 1676 3073 πᾶςι
1710 3022 1759 3071 A
1806 3017 2013 3072 DEGH
2047 3019 2112 3072 Li
2154 3036 2197 3071 s.
2247 3049 2308 3058 —
2357 3026 2455 3074 214
2492 3022 2802 3089 μεγαθύμῳ

508 3085 2129 3222 ἧηὶεὲὣῖῑᾼιᾷδὲἳῗεῗομὲἶὲῗύ*ἕῗὲἶᾞείωᾜῖξτῶξὲὶέε
2175 3090 2780 3211 ῗεθᾬὛἭῗὲἷμό

512 3176 707 3291 nanc:
748 3223 1153 3290 παριςτάμενος
1193 3221 1350 3279 Vrat.
1386 3221 1451 3274 A.
1490 3197 1726 3289 παριςτά
1770 3208 1904 3277 ενον
1937 3221 2092 3278 Vrat.
2130 3222 2184 3280 b.
2225 3224 2438 3278 ἑπέεςςι
2472 3175 2796 3277 ΑΒΟΗ.χ-

512 3298 612 3346 216
658 3291 1013 3358 θερςίλοχόνε
1068 3290 1257 3357 ὁρςίλο
1295 3290 1363 3343 όν
1407 3288 1443 3343 S
1489 3288 1649 3344 Cant.
1745 3305 1923 3344 arooc.
1969 3290 2108 3348 Mor.
2165 3320 2228 3330 —
2282 3296 2381 3343 217
2426 3292 2690 3359 διςήνορα
2733 3291 2802 3346 D.

510 3360 788 3426 δειςίνορα
836 3356 902 3412 G.
955 3360 1194 3426 δηῖνορα
1300 3359 1406 3414 rat.
1458 3359 1526 3413 A.
1582 3359 1815 3425 βιήνορα
1860 3357 1897 3412 S
1952 3357 2110 3412 Cant„
2157 3359 2463 3414 ἱππόθοόνε
2518 3360 2805 3414 ἱππόνοόν

509 3428 648 3485 Mor.
705 3462 769 3470 -—
823 3430 922 3479 218
971 3428 1194 3494 φόρκύν
1241 3426 1305 3479 Α.
1364 3442 1397 3491 χ
1435 3425 1600 3491 όμιόν
1647 3424 1908 3480 CDGHL.
1962 3455 2031 3465 --
2083 3433 2183 3480 219
2227 3425 2410 3480 omitt.
2447 3426 2496 3480 D
2531 3426 2588 3479 in
2625 3427 2802 3493 textu,

512 3495 688 3549 habet
722 3495 781 3546 in
816 3509 941 3546 mar
983 3537 993 3547 .
1034 3510 1183 3547 man.
1219 3510 1332 3547 rec.
1368 3510 1402 3546 a
1443 3496 1530 3547 est
1564 3491 1737 3547 etiam
1774 3511 1809 3547 a
1851 3494 2000 3563 Lips.
2047 3498 2107 3547 et
2148 3493 2360 3548 Townl.
2405 3497 2465 3547 et
2507 3493 2668 3565 signo
2705 3511 2804 3548 no-

513 3565 666 3617 tatus
703 3564 791 3615 eet
823 3564 879 3614 in
973 3606 985 3619 .
1033 3591 1097 3600 —
1141 3568 1242 3615 220
1287 3562 1384 3615 ἐπῖ
1420 3562 1521 3615 κού
1560 3577 1646 3614 ων
1689 3560 1759 3613 H.
1807 3591 1873 3602 —
1919 3568 2015 3616 221
2064 3564 2196 3616 οὐδε
2234 3560 2302 3614 Η.
2347 3592 2411 3600 -—
2457 3568 2558 3617 223
2592 3579 2628 3615 τ
2664 3564 2806 3617 ώων

514 3629 574 3689 L.
609 3660 674 3671 —
711 3636 814 3684 224
849 3631 974 3684 fm‘:
1022 3630 1123 3684 ἀπ’
1157 3628 1262 3684 GH
1295 3628 1480 3699 Frgm.
1579 3644 1686 3681 osc.
1725 3659 1788 3668 --
1827 3636 1927 3684 225
1960 3646 2032 3683 τα
2068 3629 2136 3686 Η.
2173 3660 2236 3669 -
2274 3635 2373 3687 227
2409 3635 2495 3684 τῶ
2531 3628 2627 3683 AC
2682 3617 2802 3683 HL:

515 3705 600 3767 τῷ
636 3697 749 3757 EG.
789 3699 910 3752 ἰθὺς
946 3697 1132 3752 omitt.
1169 3696 1219 3750 D
1258 3702 1305 3750 1.
1338 3713 1489 3751 man.
1523 3727 1592 3736 ——
1627 3702 1727 3752 228
1762 3699 1798 3765 ἣ
1834 3697 2000 3751 ADL.
2046 3700 2081 3765 ἢ
2120 3696 2241 3755 GH.
2275 3698 2312 3763 ἢ
2351 3696 2410 3752 C.
2459 3726 2526 3737 —-
2568 3702 2669 3751 229
2713 3715 2802 3752 τε·

515 3835 748 3902 θνηῶτά
784 3832 835 3885 Η
872 3831 1032 3888 Cant.
1070 3830 1283 3886 Townl.
1321 3781 1636 3886 τεθνὲιιιῶτά
1669 3834 1734 3889 Α.
1770 3833 2064 3888 τεθνεῶτά
2097 3831 2141 3886 L
2177 3830 2324 3953 Ιιὶἣξ.
2362 3833 2673 3887 τεθνειῶτά
2708 3831 2802 3887 CD

518 3901 672 3958 EGS.
708 3930 774 3940 —
810 3907 912 3955 230
946 3905 1134 3969 τρῷας
1171 3898 1229 3958 L.
1268 3900 1444 3967 ἑρύςει
1479 3899 1529 3953 G
1564 3899 1725 3955 Vrat.
1763 3899 1816 3958 b.
1854 3900 1908 3953 d.
1947 3901 2079 3955 εἴξει
2116 3898 2218 3954 GH
2306 3902 2411 3954 tuh
2448 3899 2505 3954 b.
2543 3900 2600 3953 d.
2635 3900 2701 3952 A.

654 4052 721 4111 A.
760 4072 806 4107 c.
890 4058 985 4106 214
1033 4053 1339 4123 μεγαθύμῳ
1385 4053 1707 4122 Πηλείωνιε
1763 4055 1948 4108 οὕτως
1994 4052 2321 4121 ἀρίςταρχος
2368 4055 2513 4107 κατὰ
2557 4053 2803 4121 δοτικήν.

519 4124 683 4177 ἄλλοι
717 4123 779 4175 δὲ
818 4121 895 4183 (αἱ
933 4123 1113 4175 κοιναὶ
1149 4122 1388 4175 ἑκδόςεις
1432 4122 1578 4175 teste
1617 4120 1801 4175 Schol.
1838 4123 1910 4183 A)
1960 4138 2026 4187 με
2103 4123 2280 4187 θύμου
2325 4121 2645 4187 πηλείωνος
2688 4120 2804 4174 Di·

519 4189 777 4257 dymus.
830 4187 1156 4255 Ζηνόδοτος
1203 4189 1261 4242 Π
1304 4189 1548 4256 ληϊάδεω
1598 4191 1852 4257 Ἀχιλῆος
1896 4138 2102 4243 ὃιῇιοῗι
2126 4188 2194 4247 V.
2249 4220 2300 4227 --
2366 4195 2466 4244 215
2520 4190 2802 4256 ὠτρυνενε

518 4257 843 4391 Ξᾶνῗῦδῗὲογς
840 4257 1235 4376 111(“ἑ’1)..ὄϊρυνεν
1341 4255 1455 4309 hol.
1492 4258 1558 4312 A.
1599 4286 1662 4296 ·—-
1709 4262 1809 4312 229
1843 4261 2170 4326 τεθνηῶτας
2216 4258 2304 4311 διὰ
2338 4261 2444 4312 τοῦ
2480 4263 2516 4323 ῆ
2551 4256 2804 4325 ἀρίςταρ·
