3144 5006
1271 382 1606 439 ιΛιΑΔος
1651 381 1772 439 xn.
1948 384 1952 387 ⁴
2538 388 2659 454 341

415 540 500 601 40
541 536 745 615 αὐτὰρ
790 534 829 600 δ
872 535 933 614 γ’
976 535 1067 602 ὡς
1108 537 1186 603 τὸ
1229 536 1506 616 πρόςθεν
1552 537 1875 620 ἐμάρνατο
1917 537 2057 605 ῑςος
2102 539 2319 625 ἀέλλῃ.

543 638 635 704 ὡς
678 639 735 703 δ’
780 636 875 703 ὅτ’
919 638 999 705 ἂν
1043 638 1116 705 ἔν
1159 658 1228 704 τε
1273 638 1517 705 κύνεςςι
1560 641 1666 705 καὶ
1708 641 1971 721 ἀνδράςι
2016 647 2347 727 θηρευτῇςι

541 740 807 821 κάπριος
849 741 924 821 ἠὲ
967 741 1136 807 λέων
1182 741 1518 823 ςτρέφεται
1563 742 1771 807 ςθένεῖ
1815 744 2208 823 βλεμεαίνων
2229 764 2244 779 ·

542 843 609 908 οἳ
652 843 725 909 δέ
766 863 837 909 τε
880 844 1217 924 πυργηδὸν
1261 842 1460 924 ςφέας
1504 843 1745 910 αὐτοὺς
1789 843 2178 925 ἀρτύναντες

540 943 746 1010 ἀντίοι
788 943 1073 1012 ἵςτανται
1118 947 1224 1010 καὶ
1266 944 1665 1012 ἀκοντίζουςι
1708 946 1968 1024 θαμειὰς

412 1050 494 1110 45
540 1045 770 1127 αἰχμὰς
814 1047 883 1112 ἐκ
924 1052 1189 1128 χειρῶν·
1231 1051 1347 1113 τοῦ
1392 1045 1450 1111 δ’
1495 1046 1575 1112 οὔ
1619 1067 1781 1113 ποτε
1824 1048 2174 1129 κυδάλιμον
2217 1052 2335 1129 κῆρ

536 1151 759 1229 ταρβεῖ
802 1147 958 1215 οὐδὲ
1001 1152 1328 1230 φοβεῖται,
1375 1147 1688 1229 ἀγηνορίη
1734 1148 1807 1215 δέ
1852 1170 1956 1231 μιν
2001 1149 2181 1215 ἔκτα·

537 1251 793 1332 ταρφέα
835 1253 907 1317 δὲ
954 1252 1289 1332 ςτρέφεται
1334 1252 1542 1331 ςτίχας
1586 1251 1849 1331 ἀνδρῶν
1893 1253 2306 1332 πειρητίζων·

536 1353 715 1437 ὅππῃ
757 1353 815 1417 τ’
858 1352 1066 1438 ἰθύςῃ,
1109 1359 1187 1439 τῇ
1232 1352 1287 1418 τ’
1328 1352 1564 1420 εἴκουςι
1610 1353 1813 1433 ςτίχες
1856 1354 2117 1434 ἀνδρῶν
2142 1375 2156 1389 ·

536 1455 628 1520 ὣς
667 1455 913 1535 Ἕκτωρ
958 1454 1061 1522 ἀν’
1103 1455 1331 1535 ὅμιλον
1376 1453 1494 1520 ἰὼν
1538 1453 1839 1521 ἐλλίςςεθ’
1881 1456 2195 1541 ἑταίρους,

409 1561 495 1623 50
534 1557 791 1638 τάφρον
837 1556 1217 1636 ἐποτρύνων
1262 1555 1685 1638 διαβαινέμεν.
1759 1555 1914 1623 οὐδέ
1959 1557 2250 1625 oi-‘1'rrn01

532 1659 794 1741 τόλμων
839 1659 1205 1740 ὠκύποδες,
1250 1659 1421 1738 μάλα
1463 1661 1534 1725 δὲ
1580 1659 1949 1739 χρεμέτιζον
1994 1659 2095 1726 ἐπ’
2137 1658 2314 1745 ἄκρῳ

532 1762 729 1842 χείλει
774 1761 1183 1844 ἐφεςταότες·
1228 1758 1361 1827 ἀπὸ
1402 1762 1530 1842 γὰρ
1575 1761 1911 1827 δειδίςςετο
1953 1762 2207 1843 τάφρος

534 1864 747 1948 εὐρεῖ’,
795 1863 931 1930 οὔτ’
973 1864 1075 1944 ἄρ’
1117 1862 1536 1944 ὑπερθορέειν
1581 1863 1812 1943 ςχεδόν
1857 1862 2008 1929 οὔτε
2051 1869 2317 1945 περῆςαι

534 1966 765 2047 ῥηιδίη·
812 1965 1081 2046 κρημνοὶ
1123 1967 1247 2045 γὰρ
1291 1965 1650 2047 ἐπηρεφέες
1691 1967 1837 2046 περὶ
1878 1969 2089 2032 πᾶςαν

406 2073 484 2133 55
532 2067 797 2134 ἕςταςαν
842 2068 1343 2151 ἀμφωτέρωθεν,
1386 2066 1663 2147 ὕπερθεν
1708 2068 1780 2132 δὲ
1825 2067 2231 2134 ςκολόπεςςιν
2298 2071 2303 2076 ’

533 2169 739 2237 ὀξέςιν
783 2169 1037 2254 ἠρήρει,
1081 2169 1237 2235 τοὺς
1274 2168 1539 2234 ἔςταςαν
1586 2165 1719 2235 υἷες
1762 2170 2035 2248 Ἀχαιῶν

529 2271 816 2337 πυκνοὺς
858 2272 963 2337 καὶ
1003 2271 1356 2356 μεγάλους,
1401 2269 1599 2350 δηίων
1643 2269 1904 2350 ἀνδρῶν
1948 2271 2260 2352 ἀλεωρήν.

530 2373 662 2439 ἔνθ’
699 2373 788 2439 οὔ
833 2394 943 2439 κεν
988 2373 1106 2454 ῥέα
1144 2373 1348 2439 ἵππος
1391 2372 1707 2454 ἐύτροχον
1753 2374 1923 2460 ἅρμα
1963 2374 2260 2441 τιταίνων

532 2474 775 2561 ἐςβαίη,
819 2475 1004 2543 πεζοὶ
1047 2477 1118 2543 δὲ
1160 2475 1501 2557 μενοίνεον
1546 2475 1602 2542 εἰ
1644 2475 1947 2543 τελέουςι.

494 2626 562 2682 V.
600 2647 652 2681 τ..
708 2634 778 2683 40
811 2629 1132 2696 τοπρόςθεν
1169 2627 1279 2681 HL.
1323 2630 1394 2683 τὸ
1440 2633 1676 2696 πρῶτον
1713 2626 1769 2682 C.
1817 2628 2070 2696 μάρνατο
2115 2626 2168 2682 S.
2216 2629 2333 2684 ἴςος
2377 2629 2443 2685 D.
2481 2662 2546 2670 —
2581 2637 2645 2683 41

361 2698 501 2750 ὅταν
526 2694 728 2750 CEHL.
765 2700 799 2750 θ
839 2712 972 2765 ρευτ
1016 2714 1066 2752 ςι
1087 2694 1405 2752 ACDEGH.
1442 2724 1508 2736 —-
1541 2701 1609 2749 42
1645 2696 1861 2763 κάπρος
1898 2694 1962 2750 G.
1999 2727 2065 2735 —
2099 2702 2167 2751 43
2201 2698 2553 2766 ἀρτύναντας
2581 2698 2648 2753 G.

360 2793 425 2803 —
459 2769 528 2817 44
562 2764 742 2819 ἀντίοι
775 2763 817 2818 li
858 2765 923 2819 ri.
1004 2765 1148 2820 ντίοι
1192 2766 1231 2842 ἡ
1273 2763 1471 2818 ἀντίον
1504 2762 1550 2816 Ε
1587 2769 1705 2830 891,
1738 2769 1823 2820 43.
1870 2794 1932 2803 -
1974 2769 2042 2817 46
2077 2765 2349 2835 ἀγηνορίῃ
2387 2765 2443 2821 S.
2481 2796 2547 2806 —
2580 2772 2647 2821 47

360 2830 573 2886 omittit
605 2830 658 2886 H
690 2831 750 2885 in
783 2833 971 2899 textu,
1006 2832 1184 2887 habet
1215 2850 1276 2885 m
1310 2847 1487 2901 marg.
1522 2847 1675 2885 man.
1714 2847 1823 2887 rec.
1859 2832 2083 2899 ταρφέά
2107 2833 2165 2887 C.
2199 2834 2423 2901 τάρφεά
2460 2833 2642 2904 Apoll.

357 2948 489 3004 Lex.
527 2956 578 3017 7,
616 2956 700 3004 22.
736 2979 804 2990 -
836 2955 904 3005 48
938 2952 1099 3020 ὅππῃ
1136 2951 1255 3005 AE:
1292 2950 1469 3004 ceferi
1501 2951 1691 3019 ὅππη·
1729 2950 1903 3006 ίθύςει
1927 2949 2127 3005 CDE'L.
2168 2919 2359 3007 ίθύςεῖ1
2388 2951 2442 3007 S.
2477 2983 2541 2993 -
2578 2959 2645 3007 49

359 3018 438 3073 ὡς
469 3018 538 3071 A.
583 3018 812 3074 ἐλίςςεθ’
846 3016 934 3075 GL
970 3018 1131 3074 Cant.
1168 3017 1309 3073 Mor.
1353 3018 1553 3074 ἑλίςεθ’
1598 3016 1813 3072 Townl.
1860 3019 2062 3109 ἐλίξεΕΥ
2097 3017 2164 3074 G.
2210 3020 2436 3077 ἑλίςςεθ’
2473 3019 2542 3074 Η.
2579 3051 2645 3060 -—

356 3158 423 3208 50
455 3154 757 3220 διαβαίνειν
779 3153 843 3208 Ε.
877 3155 1204 3221 διαβήμεναι
1228 3152 1441 3209 Townl.
1478 3155 1547 3210 οὐ
1585 3154 1646 3208 δὲ
1671 3154 1735 3207 Α.
1764 3184 1825 3193 -
1851 3159 1913 3209 51
1954 3135 2305 3224 χρᾶιμέτιζον
2328 3154 2388 3210 Ο.
2423 3157 2473 3209 δ’
2495 3158 2646 3224 ἐχρε-

358 3222 577 3287 μὲτίῖον
610 3221 678 3277 Η.
718 3252 783 3262 -——
819 3228 884 3276 52
919 3223 1086 3289 χείλει
1123 3223 1386 3277 ἑςταότες
1420 3220 1482 3277 L.
1517 3222 1693 3290 χείλεϊ
1726 3225 1766 3344 Ἰ
1797 3223 2139 3290 διςυλλάβως
2175 3225 2346 3291 χείλει
2382 3225 2645 3280 έςταότες

358 3292 448 3344 καὶ
483 3292 673 3346 ἄλλως
707 3292 768 3346 δὲ
803 3290 975 3357 χείλει
1010 3291 1351 3358 ἑφεςταότες
1384 3290 1431 3343 Ε
1465 3296 1584 3357 892,
1618 3296 1701 3344 26.
1769 3297 2097 3357 φεςταῶτες
2133 3291 2346 3346 Townl.
2384 3293 2497 3347 ἀπο
2528 3292 2643 3347 CH.

356 3358 469 3413 ἀπο
502 3356 564 3412 L.
610 3388 680 3398 —
720 3364 787 3413 53
822 3359 891 3425 ἂρ
925 3356 1084 3411 EGL.
1131 3360 1201 3426 ἀρ
1238 3358 1303 3412 A.
1347 3360 1403 3411 τ’
1445 3360 1536 3426 ἀρ’
1578 3357 1639 3411 et
1680 3373 1828 3411 man.
1874 3376 1984 3414 rec.
2030 3377 2118 3428 γρ.
2162 3361 2270 3428 γὰρ
2316 3359 2374 3416 C.
2420 3361 2488 3414 οὐ
2534 3363 2642 3429 γὰρ

356 3423 569 3480 Townl.
603 3456 672 3467 -
716 3432 783 3481 54
816 3427 1151 3494 ἑπῑρρεφέες
1187 3426 1236 3480 G
1270 3427 1496 3481 Barooc.
1532 3425 1672 3479 Mor.
1708 3424 1866 3481 Cant.
1903 3426 2057 3482 Harl.
2094 3463 2159 3473 -
2204 3434 2270 3482 55
2305 3430 2541 3483 έςταςαν
2576 3428 2641 3484 G.

355 3495 565 3561 ὕπερθε
602 3492 748 3548 cDG
784 3492 998 3547 Townl.
1046 3524 1112 3533 —
1152 3500 1219 3549 56
1294 3496 1535 3562 ρήρειςτ’
1566 3495 1668 3548 οὓς
1713 3495 1949 3550 ἕςταςαν
1992 3495 2355 3565 Pseudoplut.
2393 3502 2490 3552 156
2554 3502 2640 3553 44.

356 3562 592 3616 ἕςταςαν
626 3560 696 3616 Η.
735 3592 799 3602 -
836 3565 902 3616 58
938 3564 1107 3630 εὔτρο
1142 3578 1211 3617 ον
1302 3603 1315 3616 .
1352 3563 1551 3618 ἐΰξοον
1584 3561 1744 3615 Vrat.
1778 3562 1843 3616 A.
1881 3564 2081 3629 ἐύξοον
2115 3567 2150 3630 ἢ
2186 3565 2460 3631 ἐύτροχον
2495 3537 2642 3618 ὲ.-

355 3634 421 3683 59
455 3629 640 3699 ἐςβαίῃ
679 3627 747 3683 Η.
781 3630 1034 3685 τελέουςι
1067 3632 1117 3684 A
1165 3628 1282 3684 GH.
1321 3631 1357 3699 ἦ
1392 3631 1646 3685 τελέουςι
1683 3628 1840 3685 Vrat.
1875 3631 1943 3685 A.

488 3782 554 3835 A.
581 3798 628 3835 c.
685 3787 753 3837 40
788 3783 1099 3850 ἑμὰρνατοε
1138 3783 1515 3852 ἀριςτοφάνης
1548 3783 1811 3849 ἐμαίνετο
1847 3782 2196 3853 Didymus·
2231 3814 2298 3825 —
2332 3790 2393 3837 41
2435 3785 2499 3839 ἔν
2533 3801 2640 3839 τιςι

354 3853 687 3918 θηρευτῆρςι
731 3848 915 3906 Schol.
951 3852 1026 3917 A,
1075 3850 1222 3905 conf.
1259 3850 1332 3904 ad
1366 3852 1409 3905 Λ
1445 3856 1562 3906 325.
1606 3881 1674 3891 -
1718 3857 1785 3905 44
1820 3852 2024 3907 ἀντίοιε
2070 3869 2158 3920 γρ.
2191 3852 2404 3918 ἀντίον,
2451 3853 2638 3907 οὕτως

354 3919 460 3984 γὰρ
493 3918 528 3971 ἀ
565 3917 824 3985 ίςταρχος
859 3916 1205 3999 Didymuq.
1243 3949 1310 3958 —
1343 3924 1411 3973 46
1446 3918 1745 3987 ἀγηνορίητ
1783 3920 1971 4007 οὕτως
2007 3923 2179 3988 χωρίς
2201 3926 2306 3974 τοῦ
2331 3921 2365 4008 j
2390 3920 2640 3998 ἀρίςταρ-

353 4002 520 4107 ?{3‘52
554 3985 2640 4123 211352200'533‘51‘2333033?5125.ssss&mmetoz‘aesszzffiffsszfflffis

351 4125 456 4175 τοῦ
479 4121 774 4188 είλίςςετο,
812 4122 1133 4189 ἐςτρέφετο,
1157 4124 1305 4177 τινὲς
1341 4124 1403 4178 δὲ
1438 4124 1727 4190 ἐψίλωςαν
1759 4122 1915 4177 Euat.
1950 4128 2066 4188 892,
2105 4130 2186 4177 23.
2222 4153 2288 4161 -
2323 4127 2401 4176 54-
2423 4123 2638 4189 ἀριςτο-

354 4188 469 4255 φάν
509 4205 538 4243 ς
573 4191 846 4243 διαπαςαν
881 4188 1003 4256 (sic)
1030 4187 1378 4259 Didymae.
1417 4220 1482 4230 ·--
1517 4195 1584 4245 55
1620 4191 1856 4245 ἕςταςαν
1878 4190 2246 4256 Aristarchu8‚
2282 4189 2639 4243 Ptolemaeus

355 4207 700 4322 Ascssonita,
737 4255 1118 4321 Herodianus,
1156 4260 1387 4316 δαςέως.
1447 4258 1623 4313 iidem
1657 4276 1710 4312 v.
1746 4263 1810 4311 56
1856 4259 2107 4325 ἕςταςαν,
2193 4260 2355 4324 ιλῶς,
2381 4258 2524 4312 conf.
2547 4257 2633 4315 Et.

351 4321 463 4397 ΜΒ.
500 4329 618 4392 382,
656 4330 738 4381 21.
774 4355 838 4367 ·-
875 4331 940 4384 59
977 4326 1190 4394 ἑςβαίηι
1227 4326 1459 4397 καββαίη
1496 4325 1812 4382 Zenodotus
1849 4328 1908 4381 et
1944 4326 2167 4399 Aristop
2210 4341 2363 4385 anes,
