3144 5006
426 367 545 431 172
1347 369 1681 425 ΙΛΙΑΔΟΕ
1745 371 1802 430 Ρ.

421 527 548 585 685
770 524 1101 604 Ἀντίλοχ’,
1150 525 1204 589 εἰ
1248 525 1304 588 δ’
1349 525 1466 603 ἄγε
1513 531 1708 607 δεῦρο
1754 530 2122 612 διοτρεφές,
2168 527 2348 611 ὄφρα
2391 530 2631 609 πύθηαι

595 627 830 705 λυγρῆς
875 626 1199 705 ἀγγελίης,
1242 629 1284 716 fi
1329 631 1412 708 μὴ
1458 627 1720 711 ὤφελλε
1763 630 2079 706 γενέςθαι.

591 725 712 806 ἤδη
759 729 872 807 μὲν
920 730 985 794 ςὲ
1030 732 1133 794 καὶ
1177 729 1378 795 αὐτὸν
1422 730 1639 810 ὀίομαι
1686 730 2078 811 εἰςορόωντα

590 831 961 907 γιγνώςκειν
1006 830 1106 896 ὅτι
1151 836 1328 912 πῆμα
1371 834 1518 899 θεὸς
1561 836 1881 900 Δαναοῑςι
1926 835 2232 912 κυλίνδει,

590 932 729 1011 νίκη
775 934 846 997 δὲ
890 934 1165 1014 Τρώων·
1213 935 1496 1015 πέφαται
1541 938 1599 1001 δ’
1644 935 1910 1015 ὤριςτος
1955 938 2263 1018 Ἀχαιῶν,

423 1038 547 1097 690
591 1034 997 1114 Πάτροκλος,
1045 1036 1286 1117 μεγάλη
1333 1040 1404 1103 δὲ
1449 1041 1620 1118 ποθὴ
1665 1041 1982 1105 Δαναοῑςι
2026 1041 2330 1106 τέτυκται.

590 1135 759 1203 ἀλλὰ
804 1138 875 1201 ςύ
921 1138 979 1214 γ’
1026 1137 1168 1218 αἶψ’
1214 1141 1476 1218 Ἀχιλῆι,
1523 1142 1692 1205 θέων
1737 1141 1842 1206 ἐπὶ
1889 1146 2047 1222 νῆας
2093 1144 2401 1227 Ἀχαιῶν,

591 1239 820 1316 εἰπεῖν,
868 1239 937 1304 αἴ
978 1261 1047 1305 κε
1091 1240 1347 1320 τάχιςτα
1391 1242 1585 1308 νέκυν
1633 1243 1737 1307 ἐπὶ
1780 1247 1904 1321 νῆα
1949 1247 2157 1328 ςαὼςῃ

589 1342 865 1420 γυμνόν·
911 1342 1073 1421 ἀτὰρ
1116 1342 1194 1407 τά
1235 1362 1309 1418 γε
1353 1343 1560 1423 τεύχε’
1605 1345 1738 1424 ἔχει
1783 1346 2205 1425 κορυθαίολος
2250 1347 2508 1425 Ἕκτωρ.

766 1443 856 1509 ὣς
900 1444 1106 1525 ἔφατ’,
1154 1446 1526 1525 Ἀντίλοχος
1570 1449 1641 1512 δὲ
1685 1448 2019 1524 κατέςτυγε
2067 1452 2269 1528 μῦθον
2313 1448 2611 1515 ἀκούςας.

423 1549 545 1608 695
593 1547 711 1623 δὴν
758 1547 830 1610 δέ
872 1568 981 1625 μιν
1028 1548 1307 1629 άμφαςίη
1352 1549 1565 1614 ἐπέων
1612 1549 1797 1629 λάβε,
1844 1552 1936 1615 τὼ
1983 1552 2054 1615 δέ
2099 1550 2162 1614 οἱ
2204 1550 2347 1616 ὄςςε

594 1649 911 1730 δακρυόφι
957 1652 1262 1728 πλῆςθεν,
1310 1652 1545 1730 θαλερὴ
1596 1652 1665 1716 δέ
1712 1651 1775 1715 οἱ
1818 1651 2034 1731 ἔςχετο
2081 1653 2290 1732 φωνή.

589 1749 731 1815 ἀλλ’
775 1751 917 1815 οὐδ’
961 1750 1052 1815 ὧς
1099 1752 1441 1818 Μενελάου
1485 1752 1893 1834 ἐφημοςύνης
1937 1754 2235 1835 ἀμέληςε,

591 1856 665 1933 βῆ
712 1855 784 1919 δὲ
828 1853 1026 1926 θέειν,
1073 1854 1152 1918 τὰ
1196 1856 1267 1919 δὲ
1311 1855 1516 1934 τεύχε’
1559 1854 1837 1936 ἀμύμονι
1881 1861 2087 1921 δῶκεν
2131 1855 2387 1939 ἑταίρῳ,

589 1955 931 2039 Λαοδόκῳ,
977 1956 1051 2022 ὅς
1097 1955 1161 2021 οἱ
1205 1958 1432 2035 ςχεδὸν
1478 1957 1747 2037 ἔςτρεφε
1793 1959 2088 2036 μώνυχας
2129 1957 2388 2023 ἵππους.

422 2061 545 2120 700
755 2058 872 2122 τὸν
917 2059 1031 2134 μὲν
1077 2058 1276 2136 δάκρυ
1321 2059 1557 2137 χέοντα
1602 2060 1798 2124 πόδες
1842 2061 2053 2138 φέρον
2099 2060 2169 2124 ἐκ
2215 2060 2560 2139 πολέμοιο,

587 2159 869 2242 Πηλείδῃ
914 2160 1151 2239 Ἀχιλῆι
1196 2161 1394 2226 κακὸν
1439 2160 1599 2226 ἔπος
1643 2159 2053 2237 ἀγγελέοντα.

594 2261 735 2326 οὐδ’
780 2260 904 2342 ἄρα
949 2264 1047 2327 ςοὶ
1094 2262 1388 2328 Μενέλαε
1435 2263 1775 2344 διοτρεφὲς
1818 2263 2006 2342 ἤθελε
2051 2263 2249 2343 θυμός

593 2365 983 2442 τειρομένοις
1030 2364 1343 2445 ἑτάροιςιν
1389 2364 1739 2445 ἀμυνέμεν,
1790 2364 1973 2429 ἔνθεν
2020 2363 2305 2443 ἀπῆλθεν

592 2465 988 2547 Ἀντίλοχος,
1034 2467 1274 2548 μεγάλη
1321 2469 1391 2533 δὲ
1436 2468 1608 2548 ποθὴ
1656 2465 1984 2561 Πυλίοιςιν
2030 2465 2291 2547 ἐτύχθη·

427 2572 549 2631 705
595 2566 737 2632 ἀλλ’
783 2569 820 2634 ὅ
865 2591 939 2646 γε
982 2574 1181 2637 τοῖςιν
1224 2572 1340 2649 μὲν
1388 2571 1806 2649 Θραςυμήδεα
1850 2572 1991 2634 δῖον
2038 2569 2302 2648 ἀνῆκεν,

595 2670 790 2736 αὐτὸς
835 2672 893 2736 δ’
936 2671 1077 2736 αὖτ’
1121 2672 1226 2737 ἐπὶ
1270 2672 1628 2756 Πατρόκλῳ
1673 2671 1834 2750 ἥρωι
1880 2671 2153 2751 βεβήκει,

560 2906 627 2961 V.
669 2927 721 2961 1..
792 2914 893 2963 685
929 2909 1032 2963 εἶδ’
1056 2908 1114 2963 C.
1151 2911 1209 2963 αἲ
1243 2912 1294 2963 δ’
1329 2911 1391 2968 Α.
1429 2909 1540 2964 αἵδ’
1572 2908 1638 2962 D.
1679 2910 1714 2962 ἃ
1782 2909 1834 2962 δ’
1868 2908 1968 2972 ἄγε
2007 2907 2047 2959 L
2082 2905 2230 2976 Lips.
2271 2909 2570 2976 διοτροφὲς
2606 2907 2710 2962 GH

422 2975 582 3033 Rom.
624 2977 819 3044 πίθηαι
860 2976 1012 3035 Eust.
1053 2984 1201 3039 1129,
1238 2983 1319 3030 66.
1358 3006 1419 3015 -
1467 2983 1567 3032 686
1605 2978 1640 3044 ἢ
1679 2994 1704 3032 ε
1764 2981 1840 3043 μὴ
1877 2975 1945 3028 Η.
1982 2979 2016 3042 ἢ
2056 2978 2131 3042 μὴ
2167 2974 2317 3045 Lips.
2363 3004 2425 3014 —
2470 2979 2569 3029 687
2606 2979 2712 3042 μέν

421 3060 480 3098 ςε
516 3046 605 3099 καί
645 3043 704 3109 C,
743 3045 888 3098 conf.
926 3046 972 3098 Z
1009 3051 1124 3101 338.
1165 3048 1211 3101 Θ
1248 3052 1364 3105 293.
1410 3050 1441 3101 ζ
1475 3051 1558 3100 35.
1605 3044 1831 3113 saepius
1864 3059 2176 3113 pronomen
2210 3042 2507 3111 personale
2552 3059 2709 3098 acce·

420 3110 589 3166 dente
628 3116 718 3167 καὶ
756 3114 929 3168 αὐτός
976 3115 1268 3168 accentum
1316 3131 1477 3167 suum
1512 3115 1728 3173 servat.
1779 3112 1925 3166 conf.
1965 3113 2011 3165 Τ
2051 3117 2162 3166 178.
2201 3113 2251 3166 Ψ
2285 3116 2368 3165 80.
2427 3114 2456 3167 Ζ
2490 3116 2575 3165 39.
2618 3117 2707 3169 60.

419 3198 454 3246 ρ
491 3186 604 3239 583.
660 3210 724 3219 -
778 3186 876 3234 688
921 3183 1253 3248 γιγνώςκειν
1299 3181 1366 3235 L:
1420 3182 1715 3248 γινώςκειν
1760 3178 2079 3234 ACDEGH.
2131 3207 2200 3219 —
2252 3184 2351 3232 689
2393 3180 2603 3247 τρῴων
2647 3178 2710 3233 L.

420 3250 670 3316 ’ὠριςτος
708 3251 772 3302 A.
812 3250 1029 3316 ἄριςτος
1069 3248 1117 3303 G
1152 3250 1298 3319 Lips.
1346 3248 1475 3304 Zon.
1525 3248 1658 3306 Lex.
1700 3253 1845 3303 1574.
1889 3249 2158 3316 δώριςτος
2196 3244 2348 3303 Vrat.
2387 3246 2440 3299 d.
2488 3249 2709 3314 ἄριςτος

422 3318 482 3369 et
513 3334 600 3384 γρ.
637 3319 726 3370 καὶ
764 3318 996 3385 ὥριςτος
1034 3317 1097 3381 Ε,
1135 3318 1280 3372 conf.
1315 3317 1383 3374 H.
1408 3317 1476 3374 U.
1514 3323 1633 3372 283.
1672 3347 1733 3356 -
1769 3322 1865 3370 691
1905 3317 2124 3438 ἀχιλλἏι
2150 3314 2215 3368 D.
2253 3342 2314 3353 —
2352 3319 2452 3367 693
2488 3316 2709 3378 γυμνὸν

419 3385 545 3439 ἐπεὶ
579 3383 641 3437 L.
680 3387 1044 3454 κορυθαιόλος
1085 3388 1129 3439 Α
1163 3386 1321 3440 Rom.
1366 3416 1429 3425 —
1468 3390 1567 3439 694
1606 3386 1685 3440 ώς
1720 3387 1786 3438 A.
1831 3414 1894 3423 —
1943 3390 2044 3437 695
2115 3383 2283 3449 φαςίη
2323 3379 2458 3436 CDS
2494 3381 2708 3437 Townl.

426 3452 572 3506 conf.
608 3454 640 3506 δ
676 3458 791 3507 704.
818 3484 881 3493 -
920 3462 1018 3509 696
1056 3456 1369 3523 δακρυόφιν
1394 3452 1701 3509 CDEGHL.
1739 3456 1952 3520 πλῆςθε
1981 3451 2039 3506 C.
2074 3487 2140 3496 —-
2177 3456 2275 3505 697
2314 3452 2392 3504 ὡς
2428 3452 2494 3503 A.
2534 3451 2710 3503 ceteri

426 3521 521 3574 ὣς.
570 3521 813 3589 ἀμέληςε
856 3521 1126 3577 ACDGH.
1178 3553 1242 3562 —-
1289 3527 1389 3578 698
1433 3523 1579 3587 τάχα
1624 3524 1684 3576 δὲ
1728 3521 1918 3642 πῶς
1958 3519 2109 3588 Lips.
2152 3555 2218 3563 —
2263 3524 2363 3573 700
2396 3521 2504 3571 τὸν
2539 3519 2599 3572 δὲ
2638 3517 2707 3570 D.

423 3590 806 3711 δακρυχὲοντα
830 3605 1048 3651 omnes,
1087 3590 1257 3644 etiam
1282 3593 1348 3645 A.
1378 3619 1439 3629 -
1478 3595 1570 3644 701
1611 3590 1832 3656 ἀχιλλῆϊ
1909 3629 1922 3642 .
1958 3617 2023 3628 -
2061 3593 2158 3642 702
2195 3604 2277 3642 ςοι
2301 3586 2367 3639 D.
2406 3587 2708 3654 δϊοτροφὲς

661 3674 687 3712 ς

420 3724 489 3782 Η.
527 3729 686 3791 θυμῷ
724 3725 777 3783 S.
815 3756 881 3765 —
920 3733 1017 3782 703
1053 3727 1287 3791 ἀμύνειν
1322 3725 1367 3778 Ε
1408 3732 1554 3790 1122,
1590 3731 1674 3782 47.
1712 3725 1932 3790 ἀπῆλθε
1967 3723 2035 3782 Η.
2072 3752 2138 3763 --
2176 3729 2274 3776 ‘104
2310 3685 2605 3777 πόίλῖοιςῖν
2640 3720 2707 3775 Η.

422 3794 651 3864 ἐτύχθηι
685 3794 750 3846 Α.
783 3824 845 3833 --
873 3801 973 3849 705
1008 3800 1148 3850 τοῑςι
1185 3792 1286 3848 DG
1325 3792 1449 3847 edd.
1476 3794 1614 3847 vett.
1651 3795 1772 3847 δῖον
1808 3792 1948 3860 ἧκεν
1970 3792 2120 3861 Lips.
2159 3791 2370 3858 ἀνῆκεν
2403 3790 2471 3845 A.
2507 3790 2711 3858 ἐνῆκεν

425 3859 587 3915 Vrat.
623 3862 690 3914 A.
727 3893 793 3902 —
832 3870 929 3918 706
965 3863 1090 3917 αὔτ’
1130 3861 1309 3917 omitt.
1347 3860 1390 3915 L
1427 3861 1575 3931 Lips.
1611 3862 1937 3929 πάτροκλον
1969 3862 2133 3929 ἥρωα
2168 3857 2324 3914 Harl.

562 4067 627 4119 A.
667 4084 714 4118 o.
785 4072 884 4122 688
928 4068 1174 4122 κυλίνδει
1218 4065 1571 4120 Aristarchus
1615 4066 1760 4120 teste
1805 4062 2129 4125 Herodiano
2176 4064 2237 4117 et.
2271 4061 2618 4139 Eustnllw,
2655 4067 2709 4115 4.

422 4132 539 4190 vid.
577 4132 643 4190 H.
682 4133 745 4187 T.
781 4142 897 4190 299.
936 4165 1003 4174 —
1041 4140 1140 4189 689
1179 4136 1411 4203 ὠριςτος
1447 4133 1828 4198 Aristarchu8‚
1866 4133 1925 4185 ni
1960 4131 2151 4194 fallor,
2198 4130 2342 4188 conf.
2379 4129 2601 4197 Duiym.
2635 4129 2710 4206 at}

425 4202 436 4251 Ι
478 4206 579 4255 539
614 4203 842 4270 ἀρίςταρ
879 4220 942 4258 ος
979 4203 1225 4271 ἀργείων
1261 4204 1487 4269 ὠριςτοι
1525 4204 1615 4256 καὶ
1651 4203 1788 4256 ἄνευ
1824 4206 1928 4255 τοῦ
1965 4204 2017 4254 ἶ.
2053 4234 2119 4245 --
2154 4203 2256 4253 696
2292 4197 2365 4252 ad
2400 4200 2432 4252 δ
2456 4203 2573 4263 705,
2610 4197 2711 4250 uhu

419 4266 572 4321 idem
616 4285 810 4324 versus
878 4270 1090 4340 egitur,
1146 4270 1443 4325 adnotavit
1485 4269 1759 4336 Didymus
1810 4270 1868 4323 αἱ
1926 4268 2283 4335 Ἀριςτάρχου
2335 4267 2530 4321 ἔςκετο
2583 4265 2713 4319 ἀντὶ

420 4339 525 4388 τοῦ
561 4337 816 4398 ἐγένετο·
852 4340 1062 4401 γέλοιοι
1096 4339 1203 4406 γάρ
1240 4338 1376 4393 εἰςιν
1410 4338 1463 4392 οἱ
1498 4341 1819 4405 γράφοντες
1857 4337 2065 4403 ἑςχετο.
