3144 5006
463 466 588 532 194
1173 501 1178 506 ·
1376 468 1707 525 ΙΛΙΑΔΟΕ
1757 470 1821 522 Η.
3118 344 3133 555 κ

633 619 688 686 εἰ
731 620 848 701 μέν
893 641 1003 688 κεν
1048 620 1144 703 ἔμ’
1189 620 1431 688 ἐκεῖνος
1476 620 1590 706 ἕλῃ
1634 620 1936 700 ταναήκεϊ
1977 624 2226 708 χαλκῶ,

627 722 860 803 τεύχεα
904 724 1173 803 ςυλήςας
1217 723 1470 804 φερέτω
1515 723 1734 788 κοίλας
1778 722 1886 788 ἐπὶ
1926 726 2117 807 νῆας,
2248 753 2261 769 =
2301 804 2307 810 ,
3132 722 3137 735 “

630 827 809 906 ςῶμα
853 827 926 891 δὲ
971 823 1175 891 οἴκαδ’
1218 824 1376 904 ἐμὸν
1420 824 1686 904 δόμεναι
1730 824 1956 909 πάλιν,
2002 823 2183 906 ὄφρα
2227 825 2431 906 πυρός
2476 846 2552 906 με
3134 742 3141 899 φ

504 931 590 991 80
633 926 853 1008 Τρῶες
895 928 998 992 καὶ
1040 926 1288 1005 Τρώων
1333 924 1562 1006 ἄλοχοι
1610 924 1920 1006 λελάχωςι
1967 928 2271 993 θανόντα.

627 1028 681 1093 εἰ
724 1029 797 1093 δέ
842 1029 896 1093 κ’
939 1028 1067 1106 ἐγὼ
1110 1027 1228 1094 τὸν
1274 1027 1432 1106 ἕλω,
1480 1028 1619 1114 δώῃ
1663 1029 1736 1093 δέ
1780 1049 1888 1110 μοι
1932 1028 2125 1110 εὖχος
2170 1029 2536 1112 Ἀπόλλων,
2616 1105 2631 1125 ,

623 1129 856 1210 τεύχεα
897 1130 1163 1210 ςυλήςας
1208 1128 1363 1196 οἴςω
1405 1131 1597 1209 προτὶ
1636 1131 1831 1197 ’Ίλιον
1874 1130 2040 1216 ἱρήν,

627 1232 728 1296 καὶ
773 1229 1023 1310 κρεμόω
1067 1232 1260 1310 προτὶ
1303 1233 1466 1312 νηὸν
1510 1232 1927 1299 Ἀπόλλωνος
1971 1232 2259 1317 ἑκάτοιο,

628 1334 745 1398 τὸν
791 1333 863 1398 δὲ
905 1333 1096 1399 νέκυν
1142 1333 1246 1398 ἐπὶ
1289 1335 1448 1413 νῆας
1492 1332 1872 1413 ἐυςςέλμους
1915 1332 2259 1411 ἀποδώςω,

502 1438 584 1496 85
630 1432 810 1514 ὄφρά
854 1433 886 1498 ἑ
929 1434 1280 1516 ταρχύςωςι
1320 1434 1481 1515 κάρη
1526 1434 1889 1514 κομόωντε(
1934 1436 2174 1516 Ἀχαιοὶ

627 1534 791 1615 ςῆμά
834 1536 903 1600 τέ
948 1536 1010 1601 οἱ
1052 1537 1324 1617 χεύωςιν
1370 1536 1476 1601 ἐπὶ
1519 1539 1750 1602 πλατεῖ
1791 1536 2268 1621 Ἐλληςπόντῳ·

626 1637 727 1702 καί
772 1636 934 1703 ποτέ
975 1658 1070 1703 τις
1114 1637 1322 1725 εἴπῃςι
1367 1639 1471 1704 καὶ
1514 1637 1854 1719 ὀψιγόνων
1899 1638 2296 1719 ἀνθρώπων,

625 1739 731 1818 νηὶ
774 1739 1152 1819 πολυκλήιδι
1196 1740 1417 1805 πλέων
1463 1740 1571 1806 ἐπὶ
1616 1738 1855 1807 οἴνοπα
1898 1740 2175 1807 πόντον·

628 1839 868 1920 ἀνδρὸς
912 1842 1026 1920 μὲν
1072 1841 1220 1908 τόδε
1267 1844 1427 1923 ςῆμα
1469 1842 1669 1907 πάλαι
1714 1830 2272 1928 κατατεθνηῶτος.

504 1947 588 2006 90
629 1942 710 2007 ὅν
754 1943 900 2008 ποτ’
944 1940 1362 2023 ἀριστεύοντα
1405 1945 1743 2010 κατέκτανε
1787 1944 2091 2025 φαίδιμος
2135 1945 2397 2024 Ἕκτωρ.

631 2042 721 2108 ὥς
765 2043 926 2109 ποτέ
968 2065 1064 2110 τις
1108 2045 1302 2125 ἐρέει·
1348 2045 1425 2110 τὸ
1471 2046 1527 2111 δ’
1571 2044 1727 2125 ἐμὸν
1772 2046 1960 2111 κλέος
2006 2047 2084 2111 οὔ
2130 2047 2274 2111 ποτ’
2317 2044 2575 2111 ὀλεῖται.

801 2144 893 2211 ὥς
936 2145 1146 2229 ἔφαθ’,
1191 2146 1257 2211 οἳ
1300 2146 1357 2210 δ’
1400 2145 1527 2225 ἄρα
1570 2147 1808 2212 πάντες
1852 2147 2012 2227 ἀκὴν
2058 2148 2364 2224 ἐγένοντο
2411 2152 2649 2231 ςιωπῇ·

625 2246 913 2312 αἴδεςθεν
956 2248 1072 2326 μὲν
1118 2244 1462 2325 ἀνήναςθαι
1481 2296 1497 2325 ,
1543 2250 1759 2312 δεῖςαν
1804 2248 1863 2312 δ’
1906 2246 2272 2327 ὑποδέχθαι.

628 2346 760 2427 ὀψὲ
804 2350 875 2413 δὲ
919 2348 998 2428 δὴ
1044 2348 1383 2413 Μενέλαος
1427 2348 1725 2414 ἀνίςτατο
1768 2349 1870 2414 καὶ
1914 2350 2200 2429 μετέειπε

502 2455 583 2515 95
629 2450 820 2516 νείκει
867 2447 1232 2526 ὀνειδίζων,
1279 2449 1440 2531 μέγα
1484 2452 1556 2515 δὲ
1603 2449 1999 2531 ςτεναχίζετο
2045 2456 2254 2537 θυμῷ·

797 2551 850 2616 ὤ
896 2571 1031 2631 μοι,
1077 2551 1529 2632 ἀπειλητῆρες,
1577 2552 1910 2631 Ἀχαιίδες,
1959 2553 2168 2618 οὐκέτ’
2211 2555 2476 2634 Ἀχαιοί·

626 2652 667 2732 ἦ
714 2654 827 2733 μὲν
873 2654 951 2732 δὴ
998 2653 1173 2734 λώβη
1215 2651 1366 2717 τάδε
1411 2653 1470 2730 γ’
1514 2653 1752 2719 ἔςςεται
1795 2655 2056 2721 αἰνόθεν
2100 2655 2328 2733 αἰνῶς,

629 2754 685 2820 εἰ
729 2755 810 2835 μή
854 2775 945 2820 τις
988 2755 1280 2821 Δαναῶν
1322 2757 1444 2820 νῦν
1487 2754 1794 2835 Ἕκτορος
1837 2754 2055 2822 ἀντίος
2101 2755 2273 2823 εἴςιν.

631 2855 774 2920 ἀλλ’
818 2855 995 2936 ὑμεῖς
1040 2856 1156 2936 μὲν
1199 2855 1435 2920 πάντες
1480 2855 1656 2936 ὕδωρ
1701 2859 1804 2921 καὶ
1846 2861 1998 2936 γαῖα
2039 2859 2324 2934 γένοιςθε
2339 2907 2358 2940 ,

594 3039 664 3094 V.
699 3060 748 3095 1..
805 3046 868 3094 77
905 3043 991 3107 ἔμ’
1024 3042 1235 3096 ἐκεῖνος
1271 3040 1346 3094 H:
1385 3040 1562 3096 ceteri
1597 3041 1697 3108 ἐμὲ
1732 3047 1932 3096 κεῖνος.
1976 3072 2034 3081 -
2072 3046 2139 3095 80
2173 3046 2355 3108 τρῷες
2400 3045 2491 3097 καὶ
2534 3045 2746 3112 τρῴων
3138 3075 3141 3110 2

457 3109 517 3167 L.
556 3139 621 3148 -
656 3114 718 3164 81
759 3108 809 3163 εἰ
853 3110 913 3163 δέ
958 3111 1010 3162 κ’
1055 3110 1168 3173 ἐγὼ
1214 3111 1344 3163 τὸνε
1381 3110 1440 3163 αἵ
1484 3125 1584 3163 κεν
1630 3112 1755 3164 πῶς
1802 3126 1893 3175 μιν
1938 3108 2123 3178 Apoll.
2160 3107 2293 3183 Lex.
2337 3115 2425 3175 18,
2472 3116 2550 3164 10.
2595 3112 2743 3179 δώῃε
3136 3113 3141 3186 j

458 3177 541 3231 δώ
617 3173 775 3230 CGL.
819 3178 942 3244 δῴη
985 3174 1134 3229 ΑΒΕ
1169 3180 1294 3242 666,
1341 3183 1373 3237 fi
1419 3179 1479 3230 et
1522 3181 1589 3231 36
1632 3174 1670 3230 S
1714 3175 1900 3244 Apoll.
1946 3174 2077 3230 Lex.
2116 3181 2203 3240 18,
2258 3182 2333 3232 10.
2374 3207 2437 3216 -
2474 3183 2540 3232 82
2577 3180 2744 3246 προτὶ
3138 3197 3139 3202 “

458 3243 553 3298 ΑΟ
608 3241 831 3297 Eam„
869 3247 1004 3299 ποτὶ
1040 3242 1095 3297 S.
1129 3273 1195 3282 —
1228 3250 1295 3298 83
1332 3247 1498 3310 προτὶ
1523 3241 1707 3296 ADH:
1744 3246 1879 3298 ποτὶ
1903 3242 2095 3298 CELS.
2131 3245 2222 3297 ἐπὶ
2259 3242 2308 3297 G
2343 3243 2482 3300 Mor.
2518 3243 2743 3304 Bal-oce.

459 3313 599 3433 δὲ(
621 3308 2744 3456 ’τΙιαρῃ-(ῖςέςιὲίὲῗλξὲἒὶειξῑμιιςιωᾶῃ’τΕἳεύ-ωςιὸἶίῗιῖρᾲταίἐιῗιῗςῐι,Υόιξΐιδὲ.

461 3449 565 3515 κάρ
649 3448 975 3509 κομόωντες
1020 3445 1148 3500 AH:
1187 3446 1362 3500 caten
1409 3463 1660 3514 καρηκομ
1700 3463 1897 3501 ωντες.
1949 3476 2014 3486 -
2068 3452 2134 3500 86
2177 3449 2446 3514 χεύςωςιν
2492 3445 2642 3503 GLS.
2677 3477 2741 3487 —

460 3520 525 3570 87
563 3530 590 3569 ε
616 3529 761 3568 ποιςι
787 3512 853 3569 G.
881 3544 946 3555 --—
969 3519 1036 3570 88
1070 3517 1541 3582 κατατεθνηῶτος
1566 3512 1715 3567 GHL
1739 3512 1812 3567 Et
1853 3513 1911 3568 Μ
1954 3559 1968 3572 .
1993 3519 2109 3580 711,
2138 3520 2226 3568 11:
2264 3519 2743 3570 κατατεθνειῶτος
2834 3569 2847 3576 ,

459 3580 693 3637 ACDES
738 3581 963 3637 Bal-oco.
1007 3581 1072 3635 Li
1113 3598 1154 3635 ει.
1202 3579 1362 3636 Cant.
1405 3581 1564 3640 Vrat.
1602 3583 1666 3640 A.
1714 3581 1856 3646 Ven.
1951 3622 1964 3635 .
2009 3581 2373 3652 Pseudoplut.
2415 3588 2526 3645 162.
2560 3588 2641 3639 39.
2678 3612 2745 3622 —-

460 3656 522 3707 91
562 3650 644 3705 ὡς
667 3649 732 3704 A.
768 3682 833 3693 —
867 3655 934 3704 92
959 3651 1038 3705 ὡς
1115 3690 1128 3704 .
1163 3649 1270 3705 οἵδ’
1292 3647 1501 3704 CGHL.
1538 3650 1684 3718 ἀκήν
1709 3647 1774 3704 G.
1802 3678 1868 3690 —
1893 3656 1958 3705 93
1993 3651 2298 3717 ἀνῄναςθαι
2322 3649 2537 3706 ACGH.
2573 3650 2745 3718 ἀρνήο.

463 3741 652 3832 ςαςθαι
686 3767 742 3823 S.
782 3798 847 3806 —
883 3774 951 3823 94
986 3769 1246 3834 μετέειπε
1280 3766 1496 3823 ACDG.
1535 3799 1601 3808 —
1637 3773 1702 3823 95
1738 3728 1911 3823 νείκειΞ
1944 3764 2007 3820 G.
2051 3768 2113 3822 δὲ
2155 3767 2508 3835 ςτοναχίζετο
2554 3765 2659 3825 ΟΕ.
2695 3769 2747 3822 δ’

458 3837 844 3903 ἑςτοναχίζετο
881 3835 974 3889 GL
1011 3835 1150 3925 H'lor.
1197 3838 1247 3890 δ’
1282 3836 1666 3904 ἑςτεναχίζετο
1703 3834 1754 3888 Η
1792 3833 2004 3889 Townl.
2044 3864 2100 3873 —
2150 3840 2216 3890 96
2253 3838 2394 3956 ᾧόιοι
2441 3833 2656 3889 ACGH.
2695 3836 2743 3888 ὧ

462 3904 658 4029 &gig
685 3934 761 4026 Η-;
796 3910 861 3959 97
897 3905 970 3958 τά
1003 3921 1039 3970 γ
1091 3906 1301 3961 ἔςςεται
1337 3903 1407 3959 D.
1445 3934 1511 3944 -—
1547 3910 1614 3959 98
1649 3903 1845 3958 ἀντίον
1880 3900 2089 3957 TownI.
2138 3905 2242 3957 εῖςι
2335 3901 2401 3957 G.
2440 3932 2503 3942 —
2539 3908 2604 3957 99
2642 3904 2745 3968 μὲν

600 4126 665 4180 A.
701 4143 750 4179 c.
804 4131 868 4181 77
903 4125 991 4189 ἔμ’
1024 4125 1269 4192 ἐκεῖνος,
1305 4124 1450 4180 conf.
1485 4126 1534 4180 Ξ
1569 4131 1686 4192 250,
1725 4142 1758 4179 κ
1792 4130 1910 4190 397,
1943 4129 2059 4189 4ι4,
2099 4127 2131 4178 λ
2166 4129 2292 4189 615,
2330 4141 2373 4177 π
2410 4129 2523 4188 151,
2558 4141 2591 4191 ρ
2630 4130 2743 4189 ῆιιο,

462 4212 508 4256 ψ
548 4199 637 4259 76,
675 4192 743 4248 Η.
780 4192 844 4247 Τ.
880 4198 996 4247 249.
1031 4222 1096 4233 —
1130 4198 1197 4248 89
1232 4192 1560 4261 ἀρίςταρχος
1595 4195 1686 4248 διὰ
1718 4197 1824 4246 τοῦ
1859 4199 1909 4258 ῆ
1950 4195 2439 4260 κατατεθνηιῶτος
2476 4191 2596 4259 (sic)
2632 4190 2744 4244 Di-

464 4260 717 4330 dymus.
754 4290 818 4300 -
856 4267 922 4315 95
958 4261 1153 4315 νείκεα
1191 4262 1255 4316 ἔν
1297 4277 1403 4315 τιςι
1447 4265 1572 4315 τῶν
1616 4262 1806 4327 ὑπομν
1849 4260 2046 4314 μάτων
2088 4260 2258 4315 νείκε’
2302 4260 2589 4318 ὀνειδίζων
2632 4261 2744 4314 ἔξω

462 4332 568 4382 τοῦ
603 4327 1008 4404 {Didymus
1077 4329 1305 4397 praeter
1345 4327 1452 4382 hoc
1496 4328 1652 4382 aliud
1697 4278 1969 4381 somnium
2014 4327 2073 4380 in
2120 4327 2242 4382 cod.
2279 4330 2328 4380 A
2373 4327 2614 4397 margini
2658 4329 2746 4380 est

463 4393 813 4463 ademptum
848 4396 912 4448 ἔν
945 4411 1050 4450 τιςι
1083 4396 1255 4450 νείκε’
1289 4396 1596 4451 ὀνειδίζων.
