3144 5006
473 301 600 367 282
1275 368 1280 374 ,
1397 307 1729 363 ΙΛΙΑΔΟΕ
1780 309 1837 363 Κ.

477 462 594 519 185
641 458 898 537 ἔρχηται
944 460 1024 524 δι’
1067 459 1323 541 ὄρεςφι·
1370 462 1576 527 πολὺς
1624 462 1679 526 δ’
1723 460 2083 539 ὀρυμαγδὸς
2127 461 2230 526 ἐπ’
2273 462 2448 546 αὐτῷ

640 558 897 640 ἀνδρῶν
942 562 1057 641 ἠδὲ
1102 569 1349 627 κυνῶν·
1397 562 1527 627 ἀπό
1570 563 1641 626 τέ
1686 583 1893 642 ςφιςιν
1938 563 2144 628 ὕπνος
2190 562 2472 629 ὄλωλεν·

639 663 726 725 ὣς
772 668 903 728 τῶν
951 665 1227 743 νήδυμος
1273 664 1475 728 ὕπνος
1520 663 1653 728 ἀπὸ
1701 666 2074 744 βλεφάροιιν
2121 664 2354 730 ὀλώλει

639 763 834 827 νύκτα
879 766 1402 844 φυλαςςομένοιςι
1449 766 1672 843 κακήν·
1719 767 1944 831 πεδίον
1992 769 2063 831 δὲ
2107 769 2229 844 γὰρ
2275 768 2393 832 αἰεὶ

644 865 1008 947 τετράφαθ’,
1054 865 1286 930 ὁππότ’
1331 867 1434 931 ἐπὶ
1478 867 1726 946 Τρώων
1773 867 1979 933 ἀίοιεν
2025 868 2278 935 ἰόντων.

477 972 597 1027 190
641 968 793 1031 τοὺς
841 967 896 1030 δ’
940 967 978 1029 ὁ
1023 967 1235 1046 γέρων
1279 968 1546 1046 γήθηςεν
1596 967 1752 1035 ἰδὼν
1796 970 2068 1048 θάρςυνέ
2113 991 2180 1035 τε
2226 972 2406 1053 μύθῳ

642 1067 767 1149 [καί
813 1087 1012 1148 ςφεας
1056 1070 1360 1149 φωνήςας
1403 1069 1565 1134 ἔπεα
1608 1071 1960 1148 πτερόεντα
2003 1071 2393 1154 προςηύδα]·

809 1168 981 1234 οὕτω
1026 1174 1144 1235 νῦν
1191 1171 1348 1250 φίλα
1390 1170 1583 1236 τέκνα
1627 1172 2004 1250 φυλάςςετε·
2050 1174 2206 1252 μηδέ
2251 1175 2367 1238 τιν’
2413 1173 2612 1240 ὕπνος

640 1270 912 1354 αἱρείτω,
958 1274 1038 1351 μὴ
1084 1272 1294 1352 χάρμα
1337 1272 1671 1369 γενώμεθα
1715 1274 2163 1352 δυςμενέεςςιν.
2310 1340 2311 1343 ,

810 1374 897 1437 ὣς
942 1373 1142 1438 εἰπὼν
1188 1375 1467 1455 τάφροιο
1516 1374 1829 1440 διέςςυτο·
1876 1376 1974 1439 τοὶ
2018 1377 2075 1440 δ’
2119 1376 2222 1456 ἅμ’
2266 1377 2505 1443 ἕποντο

476 1478 592 1535 195
641 1474 939 1552 Ἀργείων
987 1479 1302 1555 βαςιλῆες,
1352 1475 1491 1540 ὅςοι
1536 1477 1847 1553 κεκλήατο
1895 1479 2153 1556 βουλήν.

639 1579 773 1641 τοῖς
819 1577 875 1640 δ’
919 1577 1046 1656 ἅμα
1092 1579 1422 1656 Μηριόνης
1468 1578 1569 1642 και
1616 1577 1934 1655 Νέςτορος
1981 1578 2223 1655 ἀγλαὸς
2269 1579 2404 1644 υἱὸς

639 1677 845 1755 ἤιςαν·
892 1677 1077 1743 αὐτοὶ
1120 1680 1244 1758 γὰρ
1287 1679 1524 1745 κάλεον
1571 1679 2077 1759 ςυμμητιάαςθαι.

638 1780 892 1860 τάφρον
939 1782 995 1845 δ’
1035 1780 1444 1860 ’ἐκδιαβάντες
1490 1781 1767 1860 ὀρυκτὴν
1814 1781 2164 1860 ἑδριόωντο

639 1882 710 1946 ἐν
755 1888 1041 1966 καθαρῷ,
1089 1881 1188 1947 ὅθι
1234 1884 1311 1960 δὴ
1357 1884 1606 1948 νεκύων
1653 1885 2018 1962 διεφαίνετο
2064 1886 2277 1961 χῶρος

471 1987 596 2045 200
641 1983 1036 2063 πιπτόντων,
1084 1983 1235 2048 ὅθεν
1281 1984 1458 2048 αὖτις
1502 1982 1887 2062 ἀπετράπετ’
1931 1983 2193 2063 ὄβριμος
2236 1985 2478 2062 Ἕκτωρ

640 2085 835 2149 ὀλλὺς
879 2085 1232 2167 Ἀργείους,
1277 2085 1387 2149 ὅτε
1433 2087 1510 2162 δή
1556 2085 1704 2162 περὶ
1747 2085 1861 2149 νὺξ
1907 2086 2249 2166 ἐκάλυψεν.

639 2186 796 2250 ἔνθα
840 2185 1246 2263 καθεζόμενοι
1293 2184 1427 2249 ἔπε’
1472 2184 1799 2260 ἀλλήλοιςι
1843 2186 2230 2264 πίφαυςκον.

568 2366 573 2371 ⁶
640 2288 796 2351 τοῖςι
841 2288 914 2351 δὲ
957 2288 1178 2365 μύθων
1224 2288 1379 2366 ἦρχε
1427 2286 1729 2366 Γερήνιος
1766 2286 2009 2351 ἱππότα
2055 2287 2343 2367 Νέςτωρ·

808 2389 861 2451 ὡ
908 2390 1116 2471 φίλοι,
1165 2387 1282 2452 οὐκ
1328 2388 1407 2452 ἂν
1452 2388 1530 2465 δή
1575 2407 1666 2451 τις
1712 2387 1876 2467 ἀνὴρ
1921 2389 2235 2453 πεπίθοιθ’
2279 2389 2367 2471 ἑῷ
2413 2389 2611 2454 αὐτοῦ

470 2495 589 2552 205
637 2495 813 2572 θυμῷ
856 2491 1194 2570 τολμήεντι
1238 2491 1393 2567 μετὰ
1438 2490 1663 2570 Τρῶας
1708 2490 2110 2569 μεγαθύμους

638 2592 878 2666 ἐλθεῑν;
926 2591 984 2656 εἴ
1024 2593 1167 2657 τινά
1212 2613 1342 2657 που
1389 2593 1587 2670 δηίων
1634 2593 1770 2657 ἕλοι
1815 2593 2243 2675 ἐςχατόωντα,

638 2692 676 2770 ἤ
720 2694 863 2757 τινά
907 2713 1037 2759 που
1083 2695 1185 2758 καὶ
1228 2697 1425 2773 φῆμιν
1474 2694 1569 2758 ἐνὶ
1614 2694 1884 2771 Τρώεςςι
1929 2695 2218 2777 πύθοιτο,

640 2794 792 2859 ἅςςά
835 2816 902 2860 τε
949 2798 1246 2876 μητιόωςι
1292 2799 1448 2874 μετὰ
1493 2795 1731 2877 ςφίςιν,
1776 2796 1814 2874 ἢ
1862 2787 2162 2875 μεμάαςιν

647 2896 790 2961 αὖθι
811 2898 1045 3034 μένειν
1091 2900 1265 2976 παρὰ
1309 2899 1524 2976 νηυςὶν
1569 2895 1978 2978 ἀπόπροθεν,
2023 2896 2096 2975 ἦε
2140 2898 2333 2963 πόλιν
2378 2899 2448 2962 δὲ

553 3031 672 3133 V.
711 3087 921 3135 t..185
958 3084 1175 3148 ἔρχεται
1211 3081 1276 3135 D.
1316 3083 1400 3135 διό
1438 3081 1689 3148 εςφινΙ).
1728 3083 2041 3147 ὀρυγμαδὸς
2067 3079 2229 3136 CGH.
2265 3083 2518 3136 ἐπαυτῶι
2553 3082 2617 3134 A.
2653 3084 2754 3136 ὑπ’

469 3152 649 3203 αὐτῶι
672 3149 737 3202 D.
779 3150 811 3203 ὁ
816 3099 1018 3215 ρώρειρ
1021 3151 1120 3203 ὑπ’
1154 3150 1332 3203 αὐτοῦ
1349 3099 1434 3202 ΙΞΙρ
1465 3180 1528 3187 ——
1570 3154 1664 3203 186
1702 3150 1815 3203 ἀπο
1838 3150 1903 3201 A.
1940 3167 2005 3204 τε
2042 3149 2223 3215 ςφίςιν
2248 3148 2357 3203 GL.
2392 3151 2454 3202 τέ
2479 3166 2505 3203 ς
2554 3155 2610 3204 ἲν
2636 3149 2747 3203 CD.

470 3219 674 3271 ὀλώλει
712 3166 1132 3269 Βε1ςρ1τ.Αηεοά
1175 3222 1321 3270 1146.
1359 3248 1421 3255 —
1463 3221 1557 3270 187
1597 3218 1676 3272 ώς
1711 3218 1774 3270 A.
1815 3222 1953 3282 τῶν,
1991 3220 2235 3283 νήδυμος
2274 3216 2337 3270 G.
2376 3218 2488 3271 ἀπο
2632 3220 2752 3281 βλε-

469 3286 674 3350 φάρων
712 3282 774 3335 G.
814 3285 998 3338 ὄλωλε
1036 3283 1190 3340 Euat
1233 3290 1389 3350 1073,
1424 3290 1505 3339 58.
1543 3314 1610 3322 -
1649 3290 1745 3340 188
1782 3287 2265 3353 φυλαςςομένοιςιε
2313 3260 2753 3351 φυλαςςομένων

467 3369 531 3417 γε
570 3349 633 3404 G.
672 3351 867 3408 πεδίον
903 3353 963 3405 δὲ
999 3353 1064 3404 A.
1102 3351 1296 3405 πεδίον
1331 3354 1436 3419 γάρ
1472 3349 1644 3405 DGH.
1685 3383 1745 3390 —
1790 3358 1884 3406 189
1918 3354 2136 3420 τέτραφ
2140 3355 2191 3406 θ’
2228 3350 2373 3421 Lipt-x.
2409 3351 2621 3408 Townl.
2659 3353 2753 3408 ἐπι

468 3420 534 3473 D
574 3436 643 3485 τρ
646 3422 785 3498 ᾠων
831 3418 888 3471 L.
935 3455 996 3462 -
1049 3425 1142 3474 191
1191 3419 1371 3473 omitt.
1405 3370 1513 3472 AD
1560 3421 1617 3472 in
1662 3421 1703 3474 t.
1738 3417 1781 3471 L
1829 3419 1981 3472 Harl.
2028 3419 2268 3478 Townl.
2316 3417 2531 3473 habent
2574 3418 2665 3474 CD
2704 3426 2752 3473 2.

468 3504 616 3541 man.
641 3473 885 3556 inmarg
890 3486 1088 3540 ..GHS
1126 3489 1217 3540 καὶ
1254 3504 1327 3554 ςφ
1331 3490 1425 3542 έας
1462 3486 1528 3540 G.
1568 3518 1629 3525 -—
1671 3494 1766 3541 192
1805 3490 1878 3554 μή
1917 3490 1975 3542 δέ
2005 3486 2160 3541 CHL.
2200 3523 2263 3530 -
2305 3492 2400 3541 196
2434 3493 2574 3541 τοῑςι
2609 3489 2659 3539 δ’
2684 3486 2753 3541 D.

468 3586 533 3595 —-
575 3562 667 3608 197
708 3505 1142 3622 ςυμμητιάαςθαι
1172 3558 1237 3609 A.
1276 3586 1334 3595 —
1374 3560 1475 3610 200
1509 3555 1666 3609 αὖθις
1693 3553 1803 3608 CH.
1841 3556 2181 3623 ἐπετράπετ’
2218 3555 2275 3609 C.
2316 3557 2580 3622 ὄμβριμος
2606 3552 2751 3608 CGH

466 3656 606 3712 Mor.
645 3657 870 3712 Baroco.
909 3689 971 3698 -
1008 3662 1104 3711 201
1144 3672 1252 3723 περ
1255 3674 1271 3710 ι
1307 3655 1471 3711 ACD.
1509 3687 1576 3695 —
1612 3662 1709 3711 202
1747 3657 1890 3724 ἀλλή
1895 3660 2066 3711 λοιςιν
2103 3657 2243 3724 ἑπίφ
2245 3672 2451 3710 αυςκον
2487 3654 2545 3710 L.
2585 3656 2753 3720 πίφα-

468 3743 601 3780 ςκον
637 3725 702 3780 G.
741 3727 894 3794 πὲφα
897 3741 1029 3779 ςκον
1064 3723 1134 3777 Η.
1172 3755 1228 3763 -
1282 3730 1381 3778 203
1417 3725 1478 3778 δὲ
1527 3727 1725 3791 μύθων
1769 3725 1931 3791 ἦρχες
1971 3725 2033 3778 ἐν
2077 3725 2233 3790 ἄλλῳ
2271 3724 2333 3777 δὲ
2370 3725 2459 3776 καὶ
2496 3725 2753 3788 μετέειπε

467 3795 533 3851 A
572 3824 634 3833 —
671 3800 773 3849 204
806 3743 1036 3849 πεπίθοι
1073 3791 1135 3845 G.
1173 3793 1332 3846 αὐτῶ
1366 3790 1424 3845 L.
1459 3821 1524 3831 -
1560 3799 1660 3846 205
1698 3807 1837 3857 μετα
1861 3794 1929 3844 A.
2040 3797 2156 3858 ῷας
2180 3776 2238 3844 Ϊι.
2276 3819 2337 3829 -
2377 3795 2477 3844 206
2513 3792 2600 3858 εἴη
2625 3792 2754 3846 τινά

468 3879 581 3915 που
617 3861 682 3914 Η.
723 3891 788 3900 -
825 3868 922 3915 207
961 3862 1012 3915 εἷ
1045 3860 1172 3914 τινά
1207 3859 1360 3912 Harl.
1401 3858 1557 3913 Cant
1596 3858 1807 3917 Townl
1844 3858 1932 3915 Et.
1958 3809 2072 3927 Mpg.
2098 3863 2213 3922 791,
2253 3863 2334 3911 39.
2371 3860 2568 3925 φήμην
2604 3857 2754 3912 CGH

471 3937 515 3982 1.
551 3946 699 3983 man.
736 3928 892 3985 Vrat
930 3929 984 3982 b.
1021 3945 1069 3981 c.
1117 3944 1202 3995 γρ.
1248 3930 1444 3995 φήμην
1483 3926 1695 3983 Townl.
1743 3927 1822 3980 ἑνι
1856 3924 1973 3978 AD.
2018 3942 2087 3992 τρ
2092 3927 2252 3993 ᾠεςςι
2284 3923 2345 3978 L.
2380 3954 2449 3964 ——
2484 3931 2583 3980 208
2618 3927 2753 3982 ἅςςά

468 4014 530 4052 τε
569 3995 835 4051 ACDGH.
875 4012 1014 4062 μετα
1051 3994 1117 4049 D.
1155 4025 1218 4035 —
1254 4001 1352 4050 209
1390 4011 1541 4061 παρα
1575 3993 1640 4050 A
1678 3995 1847 4049 πόλιν
1882 3994 1943 4047 δὲ
1978 3992 2042 4045 A.

604 4165 669 4222 A.
707 4183 756 4220 o.
830 4172 924 4220 187
970 4167 1215 4232 νήδυμος
1260 4162 1614 4220 Aristarchus
1659 4163 1759 4218 ςὺν
1801 4168 1886 4229 τῷ
1935 4177 1993 4214 ν.
2039 4192 2104 4200 -
2148 4167 2438 4217 208-210
2474 4162 2750 4218 asterisci:

470 4237 657 4286 κακῶς
689 4238 973 4287 409-411.
