3144 5006
1246 402 1253 407 ’
1320 427 1647 483 ιΛιΑΔος
1697 426 1768 480 11.
2301 434 2310 445 ·
2597 426 2683 492 53

565 586 699 647 τῶν
742 583 859 662 μὲν
904 584 1306 662 πεντήκοντα
1350 582 1494 648 νέες
1535 582 1704 657 κίον,
1753 580 1823 646 ἐν
1868 581 1940 647 δὲ
1984 581 2208 665 ἑκάςτῃ

393 690 526 748 510
566 688 792 763 κοῦροι
838 686 1143 753 Βοιωτῶν
1189 684 1420 750 ἑκατὸν
1466 683 1569 749 καὶ
1611 683 1805 749 εἴκοςι
1851 685 2096 764 βαῖνον.

740 787 807 851 οἳ
850 786 918 851 δ’
964 784 1368 865 Ἀςπληδόνα
1411 788 1604 852 ναῖον
1650 784 1739 850 ἰδ’
1783 783 2179 865 Ὀρχομενὸν
2228 785 2570 864 Μινύειον,

566 890 701 953 τῶν
745 887 898 967 ἦρχ’
941 887 1344 970 Ἀςκάλαφος
1388 886 1491 953 καὶ
1533 886 1886 970 Ἰάλμενος,
1931 886 2062 952 υἷες
2105 888 2371 967 Ἄρηος,

568 991 685 1056 οὓς
726 990 913 1056 τέκεν
952 989 1256 1069 Ἀςτυόχη
1300 989 1480 1074 δόμῳ
1524 989 1834 1068 Ἄκτορος
1878 989 2162 1056 Ἀζεΐδαο
2176 1037 2190 1066 ,

569 1092 891 1172 παρθένος
935 1092 1142 1170 αἰδοίη
1158 1141 1176 1175 ,
1222 1090 1549 1170 ὑπερώιον
1595 1088 1997 1171 εἰςαναβᾶςα,

390 1199 520 1257 515
566 1195 747 1275 Ἄρηι
791 1200 1105 1277 κρατερῷ·
1170 1193 1210 1260 ὃ
1254 1192 1327 1258 δέ
1372 1192 1436 1258 οἱ
1480 1192 1875 1272 παρελέξατο
1921 1193 2139 1277 λάθρῃ.

564 1300 703 1362 τοῖς
746 1299 819 1362 δὲ
861 1297 1206 1377 τριήκοντα
1247 1296 1575 1376 γλαφυραὶ
1618 1293 1761 1361 νέες
1805 1294 2206 1375 ἐςτιχόωντο.

735 1400 939 1478 αὐτὰρ
982 1398 1277 1477 Φωκήων
1324 1396 1582 1478 (χεδίος
1625 1396 1726 1461 καὶ
1769 1396 2184 1480 Ἐπίςτροφος
2229 1398 2464 1480 ἦρχον,

565 1500 730 1567 υἱέες
771 1499 1006 1581 Ἰφίτου
1048 1500 1416 1580 μεγαθύμου
1463 1497 1903 1579 Ναυβολίδαο,

566 1603 635 1666 οἳ
681 1602 1075 1682 Κυπάριςςον
1119 1602 1277 1682 ἔχον
1319 1599 1609 1667 Πυθῶνά
1650 1620 1719 1666 τε
1763 1601 2148 1682 πετρήεςςαν

390 1708 525 1768 520
573 1704 803 1783 Κρῑςάν
846 1725 915 1771 τε
959 1704 1192 1782 ζαθέην
1237 1704 1339 1768 καὶ
1378 1701 1680 1767 Δαυλίδα
1722 1703 1824 1767 καί
1863 1703 2220 1788 Πανοπῆα,

566 1805 634 1870 οἵ
675 1808 740 1872 τ’
783 1806 1208 1887 Ἀνεμώρειαν
1253 1805 1357 1870 καὶ
1396 1804 1756 1885 Ὑάμπολιν
1807 1804 2291 1897 ἀμφενέμοντο,

566 1908 633 1973 οἵ
674 1910 738 1974 τ’
782 1908 907 1990 ἄρα
950 1909 1082 1989 πὰρ
1127 1907 1422 1999 ποταμὸν
1471 1906 1755 1989 Κηφιςόν
1799 1909 1944 1974 δῖον
1990 1907 2246 1990 ἔναιον,

566 2010 632 2075 οἵ
675 2032 742 2075 τε
785 2010 1051 2077 Λίλαιαν
1096 2010 1253 2089 ἔχον
1297 2015 1506 2094 πηγῇ(
1549 2008 1655 2075 ἔπι
1704 2009 2047 2090 Κηφιςοῖο·

563 2114 703 2177 τοῖς
745 2113 814 2177 δ’
856 2112 987 2192 ἅμα
1027 2111 1497 2193 τεςςαράκοντα
1541 2111 1831 2190 μέλαιναι
1873 2113 2025 2189 νῆες
2070 2111 2330 2179 ἕποντο.

387 2218 517 2277 525
565 2213 631 2278 οἳ
674 2215 790 2292 μὲν
831 2215 1123 2294 Φωκήων
1168 2214 1379 2293 ςτίχας
1418 2213 1678 2279 ἵςταςαν
1722 2211 2157 2294 ἀμφιέποντες
2171 2262 2185 2290 ,

566 2315 871 2383 Βοιωτῶν
914 2315 984 2382 δ’
1026 2315 1275 2397 ἔμπλην
1319 2315 1433 2382 ἐπ’
1477 2314 1772 2396 ἀριςτερὰ
1815 2316 2241 2395 θωρήςςοντο.

527 2569 598 2624 V.
632 2590 682 2625 t..
737 2575 832 2626 511
870 2570 1177 2638 ἀςπληδόν’
1211 2573 1402 2626 ἔναιον
1436 2569 1578 2625 CEG
1612 2533 1840 2625 Βατοοο.
1877 2570 2038 2624 Eton.
2081 2569 2249 2626 Mose.
2289 2577 2332 2626 1.
2368 2526 2676 2640 ammam?

386 2641 585 2694 ἔναιον
618 2638 775 2694 Vrat.
810 2638 864 2695 b.
910 2669 977 2679 ·-
1019 2645 1120 2694 512
1156 2640 1330 2693 τῶνδ’
1363 2639 1493 2707 ἦρχ’
1527 2637 1688 2696 Cant.
1732 2668 1798 2679 —
1841 2645 1943 2694 514
1978 2639 2084 2706 είς,
2119 2640 2369 2708 ἀναβᾶςα
2401 2641 2450 2694 Α
2489 2638 2674 2697 Schol.

384 2741 444 2796 Π
484 2747 563 2797 13.
602 2772 667 2780 —
702 2747 802 2796 515
838 2742 872 2796 ὅ
906 2740 970 2797 δέ
1003 2740 1059 2796 οι
1093 2739 1162 2798 Η.
1208 2771 1271 2780 -
1317 2747 1418 2796 516
1452 2747 1598 2798 τοῑεε
1645 2745 1769 2796 τῶν
1803 2738 1941 2795 HLS
1986 2740 2136 2796 Euat
2173 2746 2292 2807 276,
2329 2749 2411 2799 31.
2446 2725 2570 2800 <82¹5
2605 2745 2672 2800 A.

385 2863 575 2916 τοῖςδε
611 2860 916 2928 τριάκοντα
951 2858 1019 2914 G.
1061 2890 1130 2900 -
1182 2864 1281 2915 517
1314 2824 1587 2980 ἕωκῗήιων
1631 2859 1701 2913 Η.
1770 2861 1980 2981 ςῖέδιος
2035 2858 2146 2919 GL.
2211 2890 2278 2901 —
2345 2867 2446 2918 518
2502 2863 2672 2920 υίέεςε

384 2929 510 2984 υἷες
545 2927 653 2983 GS.
690 2959 755 2968 —
792 2933 892 2984 520
929 2928 1131 2995 Κρῑςάν
1166 2927 1311 2983 ACG
1410 2927 1572 2986 Eton.
1613 2927 1770 2986 vrat.
1905 2927 1994 2982 Et.
2029 2927 2089 2980 M
2131 2974 2143 2986 .
2181 2934 2306 2994 515,
2341 2936 2434 2984 203
2482 2948 2515 2984 κ
2552 2932 2674 2987 ίςαν

384 2996 565 3050 Laud.
611 2997 835 3064 κρίςςαν
879 2994 1026 3050 ELS.
1092 3025 1152 3035 -
1208 3001 1309 3052 522
1354 3013 1469 3064 παρ
1514 2997 1582 3051 A.
1635 2997 1877 3064 κηφιςὸν
1918 2993 2064 3050 ACG
2121 2994 2165 3049 L
2222 3003 2267 3053 1.
2313 3013 2462 3052 man.
2557 3000 2672 3054 ton.

386 3064 548 3118 vrat.
585 3080 637 3118 a..
671 3063 726 3118 b.
759 3063 929 3118 Mose.
975 3071 1017 3118 1.
1059 3061 1208 3133 Lips.
1245 3062 1447 3118 Strabo
1482 3064 1636 3131 XIII,
1671 3071 1788 3120 590.
1821 3061 2127 3118 Pausanias
2159 3062 2227 3129 X,
2263 3070 2346 3131 38,
2384 3071 2441 3119 7:
2481 3083 2673 3134 κηφις-

384 3133 492 3187 (ὸν
526 3130 571 3185 L
608 3148 677 3185 ex
713 3148 853 3188 corr.
889 3134 1102 3186 ἔναιονε
1149 3133 1375 3198 ἔβαινον
1410 3131 1470 3186 L.
1513 3163 1582 3174 —
1625 3138 1726 3188 523
1761 3150 1802 3185 π
1844 3138 1972 3201 γῇςε
2020 3137 2227 3201 πηγαῖς
2265 3131 2331 3186 G.
2379 3138 2564 3201 πηγῆς
2609 3133 2672 3190 Ε.

383 3204 483 3256 ἔπι
516 3199 563 3253 Ε
600 3199 802 3254 Strabo
835 3198 929 3265 IX,
965 3205 1065 3254 407
1077 3221 1093 3265 3
1128 3206 1255 3254 424:
1293 3201 1386 3256 ἐπι
1419 3200 1487 3254 A.
1527 3202 1622 3256 ἐπὶ
1658 3199 1804 3255 CGH
1855 3242 1867 3253 .
1903 3231 1970 3240 —-
2007 3205 2295 3268 κηφιςςοῑο
2327 3199 2420 3255 EL
2469 3202 2671 3257 Strabo

384 3267 483 3334 IX,
516 3273 646 3332 407;
684 3273 801 3322 424.
836 3297 900 3307 —-
935 3273 1035 3322 524
1070 3269 1120 3321 δ’
1162 3267 1346 3326 omitt.
1382 3266 1443 3326 L.
1485 3268 1894 3337 τεςςεράκοντα
1929 3268 1994 3323 A.
2050 3270 2474 3337 τετταράκοντα
2509 3269 2567 3324 L.
2605 3301 2672 3313 —-

383 3341 490 3392 525
523 3336 754 3391 ίςταςαν
788 3332 943 3389 AGH
978 3334 1171 3389 Eton.:
1206 3335 1441 3392 ἐςταςαν
1475 3334 1534 3391 L.
1570 3339 1806 3394 ἕςταςαν
1842 3335 1941 3392 CS.
1985 3366 2052 3377 —
2096 3342 2196 3392 526
2233 3339 2569 3409 ἐπαριςτερὰ
2602 3339 2669 3395 A.

382 3404 714 3473 θωρήςοντο
746 3402 806 3458 L.
841 3404 1199 3472 θωρύςςοντο
1234 3402 1299 3458 G.

382 3641 555 3692 φουςι
589 3626 876 3693 ,,Κρεῦςάν
908 3642 974 3680 τε
1008 3626 1268 3693 Ζαθέην“.
1322 3627 1485 3681 ἄλλοι
1518 3627 1581 3681 δὲ
1618 3626 1847 3693 ,,Φαράς
1891 3643 1956 3682 τε
1991 3628 2246 3684 ζαθέας“.
2297 3630 2573 3697 γράφουςι
2608 3627 2670 3686 δὲ

379 3697 476 3748 καί
509 3697 688 3748 τοῦτο
745 3695 953 3756 ,Νὓςάν
987 3710 1051 3748 τε
1086 3697 1188 3749 ζαθ
1258 3697 1330 3746 ν“
1368 3693 1571 3748 Strabo
1611 3693 1703 3758 IX,
1741 3699 1859 3750 405.
1902 3693 2142 3750 Easdem
2169 3698 2437 3766 quattuor
2471 3698 2665 3753 lectio-

385 3779 486 3816 μου
521 3759 691 3816 affert
722 3734 878 3815 huet.
914 3767 1031 3826 271,
1069 3769 1119 3826 5,
1291 3762 1482 3841 Φηράς
1518 3778 1622 3831 pro
1657 3761 1864 3830 Φαράς.
2369 3785 2372 3792 ·
2511 3833 2522 3844 .

517 3828 587 3883 A.
624 3848 675 3883 c.
724 3833 826 3883 514
863 3828 941 3884 εἰς
977 3831 1225 3896 ἀναβᾶςα
1258 3828 1630 3885 Ηοτοᾶιευιαε.
1675 3861 1741 3869 -
1793 3836 1893 3885 516
1928 3836 2067 3898 τοῖς,
2102 3848 2215 3885 non
2250 3838 2390 3899 τῶν,
2426 3832 2664 3887 Anstar-

379 3898 535 3952 chus·
572 3928 637 3938 -
674 3903 775 3953 517
812 3898 1078 3964 Φωκήων
1114 3898 1170 3951 et
1202 3898 1479 3953 Φωκείων
1514 3896 1868 3952 Aristarchus
1902 3900 2089 3965 διχῶς,
2138 3899 2207 3953 cf.
2242 3898 2396 3954 Euat.
2430 3907 2548 3966 273,
2583 3906 2668 3958 42.

378 3997 443 4007 -
462 3972 567 4022 520
591 3967 822 4034 Κρῑςαν;
860 3965 967 4020 οὐκ
994 3966 1271 4033 ἠγνόηται
1293 3968 1356 4021 δὲ
1378 3966 1500 4020 οὐδ’
1534 3967 1625 4021 ὅτι
1647 3967 1797 4020 τινὲς
1821 3968 1931 4033 τὴν
1958 3968 2189 4034 Κρίςςαν
2212 3968 2281 4021 δι’
2307 3969 2436 4023 ἑνὸς
2461 3975 2510 4023 ἴ
2536 3969 2665 4037 γρά-

376 4052 543 4101 φουει
588 4038 984 4103 περιςπῶντες
1026 4035 1136 4101 τὴν
1177 4035 1457 4101 ἄρχουςαν
1499 4032 1656 4088 Euat.
1692 4039 1809 4099 273,
1846 4041 1928 4090 28.
1982 4036 2294 4102 Πανοπῆαε
2339 4036 2665 4107 Ζηνόδοτος

373 4104 581 4171 γράφει
634 4105 770 4171 „ml
805 4101 1212 4158 Πανοπτέων“
1266 4103 1513 4169 ἄμετρον
1564 4105 1752 4157 ποιῶν
1810 4103 1918 4155 τὸν
1971 4101 2161 4168 ςτίχον
2203 4101 2663 4161 Aristonicum

373 4173 407 4226 ό
439 4173 773 4240 Ζηνόδοτος
805 4172 870 4225 ἑν
904 4174 994 4239 τῷ
1033 4172 1161 4236 „nal
1195 4170 1446 4225 Δαυλίδα
1483 4172 1576 4224 καὶ
1611 4171 1934 4236 Πανοπῆα“
1971 4172 2174 4237 γράφει
2213 4172 2304 4225 καί
2337 4171 2664 4230 Πανόπεων

374 4243 453 4294 ὡς
488 4240 806 4296 Μενέλεων
839 4237 1001 4294 Eunt.
1038 4243 1156 4304 274,
1193 4243 1275 4293 35.
1296 4261 1378 4278 ·-
1412 4243 1511 4292 521
1550 4238 1955 4305 Ἀνεμώρειαν;
1999 4238 2151 4295 τινες
2186 4239 2248 4292 δὲ
2285 4239 2663 4305 Ἀνεμώλειαν

371 4311 634 4365 καλοῠςιν
676 4306 890 4362 Strabo
936 4304 1030 4370 IX,
1065 4310 1185 4361 424.
1238 4336 1296 4346 -
1353 4310 1453 4363 523
1496 4308 1592 4362 ἔπι
1634 4304 1995 4360 Ptolemaeus
2057 4305 2118 4360 et
2158 4305 2512 4376 Pamphilus:
2566 4310 2661 4365 ἐπὶ

368 4376 566 4432 Alexio
600 4395 735 4432 cum
773 4372 1121 4431 Aristarcho.
