3144 5006
1346 429 1683 487 ιΛιΑΔος
1729 429 1802 484 11.
2288 503 2291 507 ,
2629 426 2717 492 55

598 589 716 653 κὰδ
760 586 830 653 δ’
872 586 945 652 ἐν
990 585 1254 670 Ἀθήνῃς
1296 583 1462 652 εἷςεν
1508 584 1597 668 ἑῷ
1642 585 1713 652 ἐν
1759 584 1934 652 πίονι
1976 590 2140 668 νηῷ·

431 696 558 755 550
601 689 759 755 ἔνθα
802 688 875 754 δέ
918 709 1023 769 μιν
1066 688 1351 766 ταύροις-ι
1394 686 1497 752 καὶ
1538 685 1820 767 ἀρνειοῖς
1861 685 2154 752 ἱλάονται

600 795 823 871 κοῦροι
870 790 1220 869 Ἀθηναίων
1266 789 1821 870 περιτελλομένων
1865 788 2212 854 ἐνιαυτῶν·

600 900 731 959 τῶν
778 890 932 957 αὖθ’
973 891 1320 972 ἡγεμόνευ’
1363 888 1503 957 υἱὸς
1545 891 1815 957 Πετεῶο
1864 890 2246 957 Μενεςθεύς.

599 1001 690 1080 τῷ
734 994 804 1060 δ’
847 993 928 1060 οὔ
972 994 1076 1061 πώ
1120 1012 1215 1060 τις
1260 992 1487 1074 ὁμοῖος
1529 986 1900 1073 ἐπιχθόνιος
1939 992 2158 1069 γένετ’
2201 990 2367 1073 ἀνὴρ

602 1101 901 1177 κοςμῆςαι·
938 1094 1184 1162 ἵππους
1225 1115 1295 1161 τε
1336 1095 1441 1161 καὶ
1482 1094 1719 1175 ἀνέρας
1762 1093 2162 1161 ἀςπιδιώτας.

431 1204 556 1264 555
604 1199 860 1277 Νέςτωρ
904 1197 1049 1264 οἶος
1092 1196 1327 1277 ἔριζεν·
1374 1198 1411 1262 ὃ
1446 1197 1582 1285 ,γὰρ
1627 1198 2131 1276 προγενέςτερος
2173 1194 2306 1277 ἦεν.

600 1308 691 1385 τῷ
735 1301 805 1366 δ’
844 1299 974 1380 ἅμα
1016 1301 1420 1379 πεντήκοντα
1462 1299 1752 1378 μέλαιναι
1795 1302 1947 1378 νῆες
1990 1299 2248 1365 ἕποντο.

765 1400 918 1468 Αἴας
964 1402 1034 1466 δ’
1076 1401 1148 1467 ἐκ
1192 1400 1551 1481 (αλαμῖνος
1594 1399 1753 1478 ἄγεν
1797 1401 2175 1468 δυοκαίδεκα
2218 1404 2393 1480 νῆας.

600 1505 807 1588 [ςτῆςε
851 1507 926 1569 δ’
965 1502 1146 1580 ἄγων
1188 1503 1286 1568 ἵν’
1328 1502 1681 1583 Ἀθηναίων
1721 1501 1978 1570 ’ίςταντο
2026 1502 2402 1586 φάλαγγες]

765 1606 833 1671 οἳ
875 1606 942 1671 δ’
983 1605 1217 1686 Ἄργός
1260 1606 1326 1671 τ’
1370 1603 1554 1685 εἶχον
1600 1605 1878 1685 Τίρυνθά
1919 1625 1988 1671 τε
2030 1606 2449 1686 τειχιόεςςαν,

430 1715 556 1774 560
597 1706 930 1788 Ἑρμιόνην
977 1707 1221 1786 Ἀςίνην
1264 1725 1366 1790 τε,
1411 1706 1612 1786 βαθὺν
1655 1707 1818 1773 κατὰ
1860 1708 2106 1773 κόλπον
2150 1707 2455 1797 ἐχούςας,

599 1810 902 1889 Τροιζῆν’
948 1809 1204 1877 Ἠϊόνας
1245 1829 1316 1874 τε
1359 1810 1464 1873 καὶ
1506 1807 1901 1888 ἀμπελόεντ’
1947 1808 2362 1892 Ἐπίδαυρον,

599 1910 663 1976 οἵ
705 1912 768 1977 τ’
809 1910 966 1990 ἔχον
1008 1909 1272 1988 Αἴγιναν
1318 1910 1584 1990 Μάςητά
1626 1930 1693 1976 τε
1737 1915 1962 1992 κοῦροι
2007 1912 2308 1992 Ἀχαιῶν,

597 2020 727 2079 τῶν
771 2012 894 2079 αὗθ
912 2013 928 2036 ’
970 2012 1320 2092 ἡγεμόνευε
1364 2014 1528 2095 βοὴν
1572 2009 1817 2089 ἀγαθὸς
1859 2013 2193 2092 Διομήδης

594 2116 697 2179 καὶ
740 2113 1080 2195 (θένελος,
1131 2115 1472 2194 Καπανῆος
1515 2112 1892 2191 ἀγακλειτοῦ
1937 2115 2129 2196 φίλος
2176 2113 2342 2179 υἱός·

430 2223 550 2281 565
595 2219 756 2282 τοῖςι
799 2218 865 2281 δ’
909 2216 1023 2295 ἅμ’
1066 2215 1396 2295 Εὐρύαλος
1438 2216 1728 2296 τρίτατος
1771 2216 1939 2298 κίεν,
1986 2216 2228 2283 ἰςόθεος
2272 2215 2454 2299 φώς,

561 2417 630 2473 V.
666 2438 718 2473 ι.
769 2423 871 2473 549
906 2419 1061 2474 κάδδ’
1095 2418 1162 2472 A.
1209 2421 1257 2473 A
1300 2417 1393 2473 oll.
1440 2418 1512 2472 de
1556 2417 1723 2473 Pron.
1771 2425 1868 2474 135
1905 2418 1962 2473 C.
2017 2420 2171 2474 καδδ’
2208 2416 2319 2473 CG.
2372 2419 2607 2488 ἀθήνῃς’
2641 2419 2709 2473 Η.

430 2488 659 2556 ἀθήναις
696 2484 761 2546 G.
798 2488 864 2542 ἑν
899 2487 1053 2543 πίονι
1087 2485 1235 2544 ΑΟΗ
1313 2486 1471 2543 Cant.
1497 2486 1660 2544 Eton.
1699 2484 1872 2543 Laud.
1899 2485 2055 2547 vrat.
2097 2505 2147 2545 a.
2182 2487 2235 2542 b.
2274 2494 2422 2557 νηῷι
2460 2489 2623 2555 δήμω
2649 2486 2710 2544 L.

429 2618 493 2629 —
527 2595 628 2644 550
662 2565 916 2643 ίλάοντιῗι
951 2588 1006 2643 S.
1062 2619 1130 2629 -
1184 2596 1284 2644 552
1329 2594 1453 2644 τῶν
1495 2592 1545 2644 δ’
1581 2591 1709 2644 αὖθ’
1743 2588 1802 2644 C.
1847 2592 2020 2644 τῶνδ’
2063 2591 2133 2645 αὖ
2179 2592 2230 2645 G
2271 2589 2496 2644 Barocc.
2540 2589 2705 2645 Eton.

430 2659 665 2725 Πετεῶο
700 2656 744 2710 E
769 2663 887 2722 283,
924 2663 1015 2720 38ς
1053 2662 1171 2723 284,
1195 2664 1277 2712 30.
1306 2687 1370 2697 --
1393 2664 1494 2713 553
1526 2663 1614 2727 τῷ
1648 2659 1717 2712 οὔ
1756 2659 1850 2713 πώ
1885 2674 1969 2712 τις
2006 2656 2187 2714 Schol.
2215 2659 2257 2713 Λ
2294 2663 2418 2714 506:
2453 2657 2586 2714 libri
2621 2665 2706 2725 τῷ

430 2728 479 2778 δ’
511 2727 674 2780 οὔπω
710 2742 815 2782 τις.
852 2755 916 2765 —-
952 2730 1054 2779 554
1088 2731 1354 2792 κοςμῆςαι
1389 2728 1441 2779 θ’
1475 2724 1535 2780 L.
1583 2756 1652 2766 —·
1693 2730 1795 2782 555
1831 2727 2048 2795 νέςτωρ
2082 2728 2134 2780 δ’
2168 2725 2227 2781 L.
2273 2727 2306 2780 ὃ
2342 2724 2604 2781 ACGHL.
2641 2758 2710 2767 —

428 2800 527 2848 557
559 2793 892 2849 δυοκαίδεκα
928 2792 995 2851 G.
1032 2795 1136 2849 δύο
1171 2796 1263 2848 καὶ
1298 2795 1431 2849 δέκα
1454 2793 1663 2849 Athen.
1686 2792 1755 2862 X,
1790 2799 1908 2850 458.
1944 2792 2135 2848 cram?
2150 2794 2257 2849 An.
2280 2792 2408 2852 Par.
2441 2793 2485 2862 Ι,
2513 2799 2629 2862 287,
2656 2803 2706 2851 3.

428 2924 495 2972 ,-
528 2901 626 2952 558
648 2860 845 2950 me.
880 2893 984 2950 ΑΗ
1027 2894 1088 2949 in
1122 2894 1286 2974 texqu
1323 2894 1482 2952 cant.
1527 2895 1585 2950 in
1631 2896 1674 2950 t.
1709 2894 1867 2951 vrat.
1902 2895 1984 2950 b.:
2029 2894 2244 2950 habent
2279 2894 2429 2950 CGH
2471 2901 2520 2950 2.
2556 2912 2704 2951 man.

428 2981 485 3017 m
519 2980 694 3034 marg.
729 2961 832 3017 LS.
870 2962 1203 3018 adnotatum
1236 2981 1297 3018 m
1331 2980 1510 3036 marg.
1545 2963 1671 3018 cod.
1697 2963 1740 3019 C
1774 2980 1923 3018 man.
1959 2980 2070 3017 rec.
2106 2964 2275 3018 οὗτος
2312 2966 2345 3018 ὁ
2382 2963 2565 3030 ςτίχος
2599 2969 2706 3019 τοῦ

429 3033 677 3087 ςόλωνος
709 3036 815 3086 τοῦ
853 3032 1175 3097 ςαλαμινίου
1210 3037 1390 3100 ςοφοῠ
1424 3033 1487 3086 ἐκ
1521 3037 1645 3088 τῶν
1682 3033 1827 3088 ἑπτὰ
1862 3032 2010 3087 ἑνός.
2045 3031 2303 3087 ἵςταντοε
2342 3031 2620 3098 ςτήςαντο
2643 3031 2704 3087 L.

428 3129 492 3138 —
527 3105 629 3155 559
663 3100 719 3156 οἱ
752 3100 819 3154 A.
853 3102 907 3152 τ’
941 3101 1128 3166 εἶχονε
1165 3102 1323 3167 εἶχον
1355 3099 1510 3156 Euat.
1547 3104 1666 3168 246,
1701 3106 1784 3155 46.
1819 3099 1906 3154 Et.
1943 3098 2054 3170 ΜΒ.
2097 3103 2210 3166 136,
2250 3104 2295 3153 7.
2341 3115 2426 3154 τει
2462 3100 2707 3155 ιόεςςανε

428 3169 746 3235 τειχήεςςαν
779 3166 825 3221 L
858 3173 905 3222 2.
942 3183 1091 3221 man.
1129 3166 1311 3222 Schol.
1347 3169 1395 3223 Ψ
1432 3174 1545 3222 741.
1574 3197 1637 3210 -
1664 3170 1781 3224 560
1802 3168 2051 3236 Ἀςίνηνι
2091 3166 2279 3251 ’ᾼςίην
2312 3165 2402 3222 Et.
2497 3184 2552 3238 g.
2587 3173 2705 3233 376,

427 3235 801 3359 &stenggfiAfi
825 3235 1412 3358 -ἆτόῧέᾶῗρῶίξὲἔοηῒί
1450 3238 1680 3361 Ἆοίξθιν
1717 3235 2121 3369 ξίγεῖναῗθέῗὶ
2156 3236 2385 3360 ᾙςςέχξέ
2399 3237 2709 3361 :Lyn-cetra&

428 3374 547 3425 τῶν
579 3373 631 3426 δ’
763 3409 776 3424 .
812 3349 961 3425 aba&
1000 3372 1072 3426 αὖ
1108 3369 1173 3426 G.
1210 3370 1338 3426 add.
1372 3371 1503 3429 vitt.
1529 3345 1652 3427 beri
1693 3371 1858 3428 t.1.1.
1895 3322 2164 3440 Τυδείδηὲ
2199 3322 2524 3441 οΰηπατρὸς
2560 3372 2706 3441 ἔχων

430 3437 1008 3573 πμένοςάπῷεἰὲείξξὲἰτῖ
1044 3444 1151 3536 565
1177 3437 1492 3508 Εὐρύαλοςι
1539 3439 1615 3495 V1
1724 3438 1838 3494 Ser.
1883 3440 1920 3495 1.
1967 3440 2002 3496 1.
2039 3441 2366 3510 Εὐρύπυλος
2411 3442 2471 3496 et
2508 3445 2610 3498 567
2644 3442 2706 3497 ἐκ

557 3696 625 3754 Δ.
663 3714 710 3750 c.
773 3699 1044 3750 553-555
1086 3695 1410 3763 Ζηνόδοτος
1464 3696 1742 3764 ήθέτηκεν
1801 3695 2249 3751 Aristonicum
2307 3726 2374 3737 —·
2432 3703 2560 3764 556,
2605 3702 2705 3753 557

429 3763 781 3834 Megarenses
812 3762 869 3817 le
911 3761 1086 3817 ebant
1121 3765 1296 3830 ,,ἀγεν
1331 3764 1463 3818 νέας
1496 3765 1560 3817 ἐκ
1595 3779 1660 3822 τε
1698 3764 1983 3833 Πολίχνης
2019 3765 2083 3820 ἐκ
2117 3768 2171 3817 τ’
2208 3765 2591 3833 Ἀγειρούςςης
2618 3766 2707 3820 Νι-

429 3833 579 3909 (usqe
610 3848 677 3887 τε
714 3833 861 3900 Τριπ
900 3833 1020 3885 δων
1055 3837 1171 3894 τε“,
1207 3831 1353 3886 conf.
1389 3830 1570 3885 Sin-ab.
1609 3830 1704 3898 IX,
1740 3838 1857 3887 394.
1891 3831 2047 3887 Euat.
2081 3838 2200 3898 285,
2242 3838 2319 3888 10.
2356 3862 2417 3872 -
2456 3839 2556 3887 557
2593 3831 2705 3886 He·
2783 3868 2796 3881 .

428 3898 684 3955 rodanus
706 3899 1067 3956 δυοκαίδεκαε
1109 3901 1212 3955 δύο
1248 3902 1338 3954 καὶ
1374 3900 1510 3955 δέκα
1531 3898 1878 3969 Pamphilus,
1913 3901 2050 3966 ἄγεν
2072 3899 2431 3956 δυοκαίδεκαε
2470 3900 2568 3953 alii
2601 3902 2703 3966 ἆγε

427 3968 769 4035 τριςκαίδεκα
812 3968 958 4022 teste
1001 3965 1155 4022 Eunt.
1191 3972 1308 4033 284,
1342 3972 1425 4022 41.
1470 3996 1536 4007 --
1582 3971 1683 4023 558
1718 3968 1918 4024 (όλων
1954 3969 2295 4036 προςέθηκε,
2337 3968 2486 4022 conf.
2521 3966 2702 4024 Schol.

428 4036 467 4091 Β
498 4042 611 4103 494,
646 4041 777 4101 557;
819 4037 854 4090 Γ
890 4041 1007 4090 230.
1043 4032 1150 4089 Dio
1193 4082 1205 4094 .
1242 4033 1425 4089 Laert.
1463 4035 1507 4103 I,
1544 4041 1594 4102 2,
1630 4042 1678 4091 2.
1712 4034 1863 4090 Plut.
1900 4034 2086 4090 Solon.
2124 4042 2203 4090 10.
2239 4034 2422 4093 cram.
2445 4034 2551 4090 An.
2576 4033 2703 4090 Par.

424 4103 465 4170 Ι,
498 4110 609 4161 287.
643 4102 833 4161 Strab.
870 4100 971 4168 IX,
1003 4107 1119 4158 394.
1203 4104 1306 4158 nst.
1343 4107 1459 4167 263,
1495 4109 1588 4169 23ς
1624 4109 1741 4170 285,
1776 4110 1823 4158 4.
1868 4132 1937 4144 -
1980 4108 2077 4158 561
2114 4104 2242 4159 τινὰ
2285 4109 2408 4158 τῶν
2443 4105 2704 4159 παλαιῶν

420 4173 785 4243 ἀντιγράφων
836 4170 1118 4240 Τροίζηνα
1171 4171 1692 4240 προπαροξυτόνως
1743 4174 2022 4239 ἔγραψαν,
2079 4171 2160 4228 ὡς
2212 4173 2304 4226 καὶ
2358 4173 2702 4241 Ἡρωδιανὸς

418 4247 704 4312 ςυνηγορεῖ
750 4241 819 4296 ἐν
867 4245 955 4308 τῷ
1002 4242 1129 4308 περὶ
1174 4256 1350 4308 ταχυτ
1391 4257 1492 4297 τος
1537 4243 1629 4295 καί
1673 4241 1978 4307 δηϊοτῆτος
2024 4237 2179 4294 Euat.
2228 4244 2345 4305 287,
2387 4246 2466 4297 18.
2503 4269 2566 4281 -
2603 4247 2704 4297 562

405 4309 1164 4436 ἔζῖοὸυςῦὧνεςπ,,νῆςόν
1213 4310 1277 4363 τ’
1327 4309 1372 4365 Α
1398 4310 1601 4376 γιναν“
1660 4308 1788 4364 ἀντὶ
1841 4311 1945 4363 τοῦ
1990 4308 2086 4376 „ot
2127 4310 2190 4362 τ’
2241 4309 2376 4375 ἔχον
2430 4309 2699 4377 Αἴγινανίί

786 4417 803 4444 ,
840 4384 876 4434 3
948 4416 967 4431 Ο
