3144 5006
487 431 613 495 212
905 500 918 512 ,
1174 421 1184 428 ”
1357 434 1685 490 ιΛιΑΔος
1726 434 1888 489 ste.
2001 398 2009 405 ’

657 586 920 666 πολλαί,
967 589 1079 653 τὰς
1122 589 1440 668 προέηκεν
1479 584 1820 667 Ἰηςονίδης
1863 588 2139 672 Εὔνηος,

656 690 772 755 τόν
818 689 873 768 ῥ’
919 689 1093 770 ἔτεχ’
1135 691 1459 770 Ὑψιπύλη
1506 689 1614 755 ὑπ’
1658 690 1904 769 Ἰήςονι,
1950 692 2201 770 ποιμένι
2250 695 2442 757 λαῶν.

487 796 615 855 470
657 793 854 872 χωρὶς
898 793 956 857 δ’
999 793 1316 877 Ἀτρείδης
1329 841 1347 875 ,
1391 792 1813 871 Ἀγαμέμνονι
1857 793 1960 857 καὶ
2008 793 2353 878 Μενελάῳ,

656 897 864 960 δῶκεν
910 895 1246 973 Ἰηςονίδης
1291 893 1526 975 ἀγέμεν
1571 893 1757 975 μέθυ,
1803 894 1972 973 χίλια
2014 894 2226 974 μέτρα.

656 996 842 1061 ἔνθεν
889 994 990 1074 ἄρ’
1034 995 1354 1062 οἰνίζοντο
1400 997 1560 1076 κάρη
1606 995 1973 1075 κομόωντες
2018 995 2283 1075 Ἀχαιοί,

653 1096 842 1162 ἄλλοι
887 1098 1003 1175 μὲν
1047 1088 1298 1181 χάλκῷ,
1344 1095 1531 1162 ἄλλοι
1571 1097 1630 1162 δ’
1673 1096 1899 1162 αἴθωνι
1946 1098 2210 1181 ςιδήρῳ,

653 1197 842 1263 ἄλλοι
889 1199 959 1263 δὲ
1007 1197 1240 1277 ῥινοῖς,
1288 1196 1474 1263 ἄλλοι
1518 1199 1577 1264 δ’
1621 1198 1838 1282 αὐτῇςι
1885 1193 2161 1283 βόεςςιν,

484 1305 607 1362 475
653 1299 840 1364 ἄλλοι
887 1300 944 1364 δ’
987 1300 1483 1379 ἀνδραπόδεςςι·
1530 1301 1784 1366 τίθεντο
1828 1302 1900 1366 δὲ
1944 1304 2127 1366 δαῖτα
2170 1301 2447 1366 θάλειαν.

653 1400 995 1481 παννύχιοι
1040 1403 1155 1480 μὲν
1200 1399 1420 1467 ἔπειτα
1463 1402 1623 1481 κάρη
1667 1402 2031 1482 κομόωντες
2074 1403 2312 1482 Ἀχαιοὶ

650 1503 988 1581 δαίνυντο,
1034 1502 1248 1582 Τρῶες
1293 1505 1365 1568 δὲ
1409 1506 1566 1569 κατὰ
1609 1503 1836 1569 πτόλιν
1880 1504 1980 1581 ἠδ’
2023 1503 2380 1593 ἐπίκουροι·

652 1604 1008 1683 παννύχιος
1052 1606 1124 1669 δέ
1170 1625 1320 1687 ςφιν
1365 1607 1526 1671 κακὰ
1569 1606 1802 1686 μήδετο
1847 1607 2103 1685 μητίετα
2146 1605 2310 1671 Ζεὺς

653 1706 1006 1786 ςμερδαλέα
1050 1708 1374 1773 κτυπέων·
1419 1708 1572 1773 τοὺς
1618 1709 1691 1773 δὲ
1734 1707 1992 1788 χλωρὸν
2036 1708 2186 1772 δέος
2228 1709 2392 1792 ᾒρει·

483 1812 609 1871 480
654 1807 845 1873 οἶνον
891 1809 949 1873 δ’
992 1810 1062 1874 ἐκ
1104 1809 1365 1874 δεπάων
1411 1810 1679 1890 χαμάδις
1723 1808 1910 1889 χέον,
1956 1808 2109 1872 οὐδέ
2151 1829 2243 1874 τις
2286 1807 2434 1886 ἔτλη

652 1910 802 1990 πρὶν
847 1911 1080 1989 πιέειν,
1126 1912 1279 1991 πρὶν
1326 1913 1541 1990 λεῖψαι
1590 1911 1929 1990 ὑπερμενέι
1977 1910 2305 1989 Κρονίωνι.

651 2013 1014 2093 κοιμήςαντ’
1057 2011 1157 2090 ἄρ’
1202 2012 1422 2077 ἔπειτα
1465 2014 1570 2076 καὶ
1620 2011 1832 2083 ὕπνου
1879 2016 2094 2091 δῶρον
2139 2012 2390 2076 ἕλοντο.

1421 2236 1791 2243 ——-—-——--—

1305 2404 1766 2481 ΙΛΙΑΔΟ(
1830 2404 1928 2484 Θ.

651 2589 815 2653 Ἠὼς
859 2589 974 2667 μὲν
1019 2587 1468 2666 κροκόπεπλος
1513 2589 1806 2654 ἐκίδνατο
1851 2591 2059 2654 πᾶςαν
2104 2588 2204 2651 ἐπ’
2247 2585 2417 2672 αἶαν,

649 2691 815 2755 Ζεὺς
860 2691 932 2755 δὲ
975 2694 1143 2754 θεῶν
1187 2692 1431 2770 ἀγορὴν
1476 2690 1787 2769 ποιήςατο
1831 2689 2325 2769 τερπικέραυνος

615 2893 684 2949 V.
719 2913 771 2947 τ..
838 2898 940 2949 470
974 2892 1253 2960 ἀτρείδῃς’
1288 2890 1552 2946 DEGHL.
1592 2922 1655 2932 «-
1692 2881 1790 2946 472
1826 2893 2015 2946 ἑνθενε
2041 2892 2157 2946 ἔνθ’
2180 2890 2230 2945 D
2255 2891 2342 2945 Et.
2368 2892 2513 2946 Gud.
2538 2898 2656 2958 603,
2684 2900 2763 2949 17.

481 2964 553 3031 ἂρ
588 2960 797 3019 DEGL.
830 2964 903 3029 ἀρ
939 2963 1004 3015 A.
1040 2979 1073 3015 κ
1149 2979 1183 3026 η
1222 2964 1550 3026 κομόωντες
1587 2960 1706 3027 ΑΗ,
1744 2962 1810 3013 ut
1841 2966 1960 3014 459.
2000 2988 2055 2997 -
2095 2965 2198 3013 474
2233 2961 2317 3013 δὲε
2355 2963 2405 3013 δ’
2441 2962 2503 3014 έν
2540 2959 2585 3014 G
2623 2962 2762 3015 Mor.

480 3030 726 3094 Bai-oce„
770 3029 916 3083 conf.
960 3028 1029 3082 H.
1130 3071 1142 3082 .
1178 3033 1260 3082 60.
1305 3031 1496 3096 ῥηνοῑς
1533 3026 1599 3081 D.
1645 3030 1842 3095 αύτῇςι
1881 3024 2205 3081 ADEGHL:
2242 3029 2458 3083 αὐτοῖςι
2497 3029 2539 3083 C
2582 3029 2761 3083 Bekk.

480 3100 586 3151 An.
629 3103 748 3164 834,
800 3105 876 3155 13.
922 3096 1149 3150 Maxim.
1193 3095 1394 3164 Tyrius
1437 3094 1578 3149 Dies,
1623 3095 1879 3160 XXXIX,
1932 3101 1976 3151 1.
2025 3094 2281 3149 Philemo
2326 3104 2441 3163 233,
2479 3103 2562 3151 20.
2607 3097 2759 3154 Eust.

484 3171 639 3229 1012,
688 3172 770 3219 33.
816 3166 995 3232 βόεςςι
1039 3163 1098 3220 C.
1148 3194 1211 3202 -
1256 3170 1356 3218 475
1399 3164 1771 3231 ἀνδραπόδοις
1815 3162 1903 3220 Et.
1946 3161 2062 3232 Mg.
2102 3168 2215 3227 146,
2249 3169 2332 3217 45.
2380 3195 2431 3203 -
2480 3170 2580 3217 476
2616 3165 2759 3232 κάρη

481 3234 814 3355 ἓοιέόίυνᾶεςῖ
841 3231 1069 3354 Aa&
1096 3237 1194 3285 477
1232 3229 1520 3354 ’ίτρῷεςἸί
1546 3261 1613 3352 -ἆ
1643 3232 2091 3353 4ξΕτᾶἶννὲχιἫ
2126 3229 2305 3285 Schol.
2345 3232 2391 3285 Θ
2426 3236 2477 3287 2.
2528 3248 2621 3299 ςφι
2658 3231 2761 3286 DG

522 3317 663 3354 οο.
817 3329 933 3353 .-
1106 3316 1424 3366 κοιμςςαντ
1526 3342 1538 3353 .
1614 3317 1648 3368 ρ
1883 3339 1896 3352 .
1968 3316 2002 3367 ρ
2090 3346 2100 3357 .

616 3488 682 3541 A.
720 3505 767 3542 c.
822 3493 924 3542 474
967 3487 1163 3555 ἀυτῇςι
1208 3485 1585 3551 AristarchuS,
1630 3484 1773 3538 conf.
1810 3485 2203 3543 Aristonicum.
2248 3516 2312 3527 -—
2348 3492 2449 3542 475
2483 3489 2760 3543 ἀθετεῖται

478 3556 935 3610 Aristonicum.
972 3557 1007 3621 ή
1046 3560 1168 3608 τῶν
1203 3556 1581 3622 ἀνδραπόδων
1616 3555 1762 3609 λέξις
1794 3556 2106 3621 νεωτερική
2153 3556 2265 3609 ἑςτι
2310 3557 2453 3609 κατὰ
2487 3559 2622 3612 τοὺς
2656 3575 2759 3612 πα-

478 3625 686 3680 λαιούς.
754 3627 840 3678 διό
883 3626 974 3678 καὶ
1023 3624 1427 3690 Ἀριστοφάνης
1459 3624 1571 3681 ,καὶ
1615 3623 1938 3690 Ζηνόδοτος
1985 3624 2228 3690 ἠθέτουν
2270 3625 2340 3676 τὸ
2386 3627 2548 3691 ἔπος,
2603 3626 2666 3679 ἑν
2711 3627 2758 3693 ᾧ

480 3699 657 3748 κεῖται
700 3694 736 3758 ἡ
786 3694 930 3747 λέξις
965 3692 1110 3758 αὕτη
1145 3691 1299 3744 Eust.
1338 3696 1454 3755 692,
1491 3696 1574 3743 21.
1618 3692 2045 3758 ὰνδραπόδεςςιε
2082 3691 2408 3758 ἀρίςταρχος
2450 3694 2538 3745 διὰ
2572 3697 2675 3746 τοῦ
2720 3701 2761 3745 ο

479 3762 873 3830 ἀνδραπόδοιςι
907 3758 1252 3827 Didymus,
1290 3759 1438 3812 τινὲς
1474 3758 1536 3811 δὲ
1572 3759 1963 3825 ἀνδραπόδοιςι
1998 3759 2307 3825 γράφουςιν
2342 3758 2495 3815 Euat.
2523 3765 2640 3825 692,
2677 3766 2759 3813 24.

479 3861 546 3870 -
582 3835 678 3883 481
719 3831 853 3898 πρὶν
888 3829 1090 3882 πιέειντ
1127 3827 1453 3894 ἀρίςταρχος
1491 3827 1745 3891 πιέμεναι
1780 3829 1916 3893 πρὶν
1953 3827 2136 3893 λείψω
2175 3827 2296 3894 (sic)
2323 3826 2664 3894 Didymae.
2693 3857 2758 3866 --

478 3903 578 4019 4812
621 3898 1082 4019 Ζηέόέοἶοςᾼὲεαὶ
1125 3901 1337 3948 τοῦτον
1382 3897 1473 3949 καὶ
1525 3895 1632 3948 τὸν
1676 3897 1910 3962 πρῶτον
1960 3899 2063 3962 τῆς
2116 3896 2241 3962 ἑξῆς
2286 3895 2575 3961 ῥαψῳδίας
2618 3896 2757 3962 ἦρκε

478 3983 542 4020 ςτ
568 3983 669 4032 χον
743 3983 771 4019 c
814 3982 846 4019 ο
874 4007 886 4019 .
1027 4006 1037 4018 .

616 4236 678 4287 Α.
708 4252 754 4287 c.
820 4240 843 4288 1
881 4237 1205 4302 Ζηνόδοτος
1223 4199 1551 4314 ’μετατίθηςι
1575 4238 1683 4302 τὴν
1706 4236 1995 4301 ἀνατολὴν
2018 4235 2175 4289 κάτω
2202 4236 2343 4302 πρὸς
2366 4236 2437 4288 τὸ
2463 4236 2553 4302 ,,οἱ
2576 4237 2627 4290 δ’
2652 4238 2757 4305 ἄρα

480 4301 987 4435 ἓῗιπέςῖνυὲιλῗέἶῲ
1033 4305 1141 4371 (53)
1189 4305 1650 4370 Ατιείιοιιιοιιε,
1698 4303 1839 4356 conf.
1880 4301 2060 4356 Schol.
2107 4302 2178 4355 ad
2216 4304 2261 4355 Θ
2298 4309 2363 4356 53
2399 4305 2460 4355 et
2494 4303 2755 4358 Dn‘intzer.
