3144 5006
420 386 504 450 94
1336 387 1678 444 ιΛιΑΔος
1736 391 1803 444 ο.

434 546 562 605 620
602 540 642 618 ἥ
686 560 755 606 τε
800 540 974 621 μένει
1018 542 1249 617 λιγέων
1293 541 1550 623 ἀνέμων
1597 545 1882 623 λαιψηρὰ
1926 543 2193 608 κέλευθα

587 641 833 720 κύματά
875 663 942 707 τε
987 643 1383 724 τροφόεντα,
1431 644 1623 712 τά’τε
1667 644 2158 725 προςερεύγεται
2203 643 2404 724 αὐτήν
2428 667 2443 683 ·

588 743 680 808 ὣς
723 744 985 809 Δαναοὶ
1026 745 1254 825 Τρῶας
1297 746 1496 825 μένον
1539 745 1824 827 ἔμπεδον
1871 746 2027 812 οὐδὲ
2070 747 2378 828 φέβοντο.

588 845 792 923 αὐτὰρ
835 846 874 910 ὃ
921 845 1330 927 λαμπόμενος
1371 850 1526 928 πυρὶ
1566 848 1892 914 πάντοθεν
1938 847 2153 928 ἔνθορ’
2196 848 2429 932 ὁμίλῳ,

596 946 666 1011 ἐν
714 947 771 1011 δ’
815 947 984 1014 ἔπες’
1030 948 1120 1013 ὡς
1164 949 1274 1014 ὅτε
1320 951 1484 1029 κῦμα
1524 954 1646 1034 θοῇ
1694 949 1765 1015 ἐν
1808 951 1915 1030 νηὶ
1957 951 2176 1035 πέςῃςι

425 1053 547 1113 625
595 1049 837 1128 λάβρον
881 1049 1010 1114 ὑπὸ
1055 1051 1317 1131 νεφέων
1364 1049 1831 1132 ἀνεμοτρεφές·
1875 1053 1914 1131 ἢ
1963 1054 2035 1118 δέ
2078 1073 2147 1117 τε
2190 1055 2360 1117 πᾶςα

591 1150 755 1236 ἄχνῃ
800 1150 1207 1234 ὑπεκρύφθη,
1253 1151 1520 1233 ἀνέμοιο
1564 1156 1636 1219 δὲ
1680 1154 1893 1219 δεινὸς
1936 1153 2095 1234 ἀήτη

588 1252 760 1338 ἱςτίῳ
804 1253 1203 1335 ἐμβρέμεται,
1249 1256 1585 1333 τρομέουςι
1628 1256 1700 1320 δέ
1742 1275 1812 1321 τε
1855 1256 2068 1336 φρένα
2110 1259 2336 1322 ναῦται

596 1355 929 1420 δειδιότες·
971 1355 1210 1421 τυτθὸν
1251 1355 1376 1435 γὰρ
1421 1356 1529 1422 ὑπ’
1571 1356 1642 1421 ἐκ
1684 1357 1991 1424 θανάτοιο
2036 1357 2379 1438 φέρονται·

592 1457 681 1520 ὣς
726 1455 1011 1523 ἐδαΐζετο
1057 1460 1253 1539 θυμὸς
1299 1458 1393 1524 ἐνὶ
1438 1460 1754 1538 ςτήθεςςιν
1800 1460 2088 1538 Ἀχαιῶν.

425 1564 549 1622 630
593 1558 796 1637 αὐτὰρ
841 1557 880 1622 ὅ
924 1559 986 1636 γ’
1033 1558 1122 1624 ὥς
1166 1580 1235 1624 τε
1280 1561 1449 1626 λέων
1493 1558 1850 1641 ὀλοόφρων
1896 1561 2113 1641 βουςὶν
2160 1560 2480 1638 ἐπελθών,

591 1660 659 1725 αἵ
702 1660 784 1740 ῥά
826 1662 880 1725 τ’
923 1660 996 1728 ἐν
1040 1660 1296 1745 εἱαμενῇ
1342 1662 1527 1728 ἕλεος
1570 1663 1875 1743 μεγάλοιο
1921 1664 2224 1744 νέμονται

598 1760 838 1842 μυρίαι,
884 1762 955 1827 ἐν
1001 1763 1073 1828 δέ
1116 1784 1187 1829 τε
1229 1770 1367 1848 τῇςι
1407 1764 1677 1847 νομεύς,
1723 1763 1803 1830 οὔ
1847 1786 1953 1829 πω
1998 1763 2172 1844 ςάφα
2216 1765 2403 1830 εἰδὼς

589 1865 734 1944 θηρὶ
775 1865 1164 1945 μαχήςαςθαι
1207 1865 1417 1932 ἕλικος
1461 1865 1618 1946 βοὸς
1662 1865 1822 1947 ἀμφὶ
1865 1871 2175 1951 φονῇςιν·

590 1966 629 2046 ἦ
674 1988 776 2032 τοι
821 1968 859 2032 ὃ
906 1969 1021 2048 μὲν
1068 1967 1349 2051 πρώτῃςι
1392 1969 1496 2032 καὶ
1535 1966 1852 2051 ὑςτατίῃςι
1897 1969 2141 2049 βόεςςιν

433 2074 554 2132 635
599 2067 736 2133 αἰὲν
782 2067 1170 2149 ὁμοςτιχάει,
1216 2070 1255 2134 ὃ
1303 2070 1375 2134 δέ
1416 2070 1473 2133 τ’
1515 2069 1588 2135 ἐν
1634 2070 1922 2154 μέςςῃςιν
1966 2069 2243 2149 ὀρούςας

591 2173 750 2250 βοῦν
798 2170 958 2253 ἔδει,
1001 2171 1068 2234 αἳ
1112 2170 1184 2234 δέ
1227 2191 1296 2235 τε
1341 2174 1532 2236 πᾶςαι
1576 2169 1957 2251 ὑπέτρεςαν·
2001 2172 2092 2238 ὣς
2133 2173 2265 2238 τότ’
2310 2174 2555 2253 Ἀχαιοὶ·

588 2272 928 2338 θεςπεςίως
971 2271 1291 2354 ἐφόβηθεν
1337 2272 1451 2353 ὑφ’
1490 2273 1742 2352 Ἕκτορι
1784 2276 1888 2339 καὶ
1929 2276 2041 2339 Διὶ
2085 2276 2278 2354 πατρὶ

555 2475 623 2531 V.
661 2493 709 2529 ι..
778 2480 872 2530 621
923 2475 1249 2544 τροφέοντα
1293 2475 1359 2529 A.
1403 2477 1759 2543 (τροφόεντα
1794 2475 1853 2534 L.
1896 2494 1932 2532 τ
1969 2478 2240 2544 οφὲονται
2281 2479 2318 2545 ἢ
2362 2479 2703 2546 τροφόεντα.

420 2544 694 2611 γράφεται
728 2544 834 2611 γὰρ
869 2545 1034 2610 διχῶς
1069 2542 1225 2597 Eust.
1264 2550 1412 2611 1033,
1447 2551 1535 2598 41.
1582 2546 1766 2611 αὐτὴν
1812 2544 1903 2599 ΑΟ
2002 2546 2164 2615 frgm.
2210 2546 2381 2605 Mose.
2427 2548 2615 2615 αὐτὴν
2665 2546 2702 2599 S

1199 2638 1250 2685 ,ν

422 2681 483 2731 et
516 2680 572 2731 in
608 2696 782 2746 marg.
818 2680 1014 2744 ἀκτήν.
1051 2680 1195 2746 ἀκτῆ
1285 2679 1351 2736 H.
1398 2681 1542 2745 ἀκτή
1591 2681 1684 2735 vel
1730 2681 1878 2749 αὐτή
1924 2680 1984 2737 L.
2031 2682 2174 2750 ἀκτῇ
2214 2682 2427 2741 Townl,
2470 2684 2616 2751 αὐτῇ
2655 2681 2703 2736 G

428 2747 580 2803 Vrat.
620 2747 671 2805 d.
714 2752 787 2801 ·A.
834 2749 998 2867 aba
1017 2746 1174 2804 Vrat.
1220 2748 1273 2804 b.
1319 2750 1499 2815 ἀκτήν
1536 2752 1569 2815 ἢ
1608 2750 1752 2818 ἀκτῇ
1789 2752 1823 2815 ἢ
1870 2752 2086 2814 μᾶλλον
2128 2752 2312 2816 αὐτὴν
2356 2749 2508 2805 Euat.
2556 2758 2703 2814 1033,

421 2821 505 2870 27.
545 2847 611 2855 -
647 2821 747 2869 622
783 2819 862 2870 ὡς
1037 2821 1080 2872 1.
1117 2831 1268 2870 man.
1303 2821 1492 2885 τρῷας
1518 2815 1577 2868 1..
1613 2819 1747 2871 οὐδὲ
1831 2818 2031 2881 έβοντο
2067 2816 2251 2871 ACGS
2286 2817 2500 2875 Townl.
2537 2818 2701 2888 frgm.

421 2883 616 2940 Mam:
673 2883 844 2953 vulgo
889 2885 1010 2937 οὐδ’
1049 2885 1343 2950 ἐφέβοντο.
1389 2914 1454 2922 --
1499 2890 1599 2938 623
1642 2886 1675 2938 ὃ
1722 2886 1771 2937 A
1819 2883 2033 2942 DGHL.
2084 2915 2144 2925 —
2201 2890 2302 2939 624
2347 2887 2428 2939 ἑνὶ
2475 2887 2570 2954 νηῑ
2615 2884 2703 2938 GS

426 2953 583 3009 Cant.
620 2952 783 3005 Rhet.
822 2949 914 3009 Gr,
951 2950 1048 3014 III,
1091 2957 1204 3013 106,
1242 2959 1311 3005 25
1353 2968 1465 3005 non
1501 2951 1678 3018 male,
1724 2953 1823 3005 sed
1861 2952 2006 3010 conf.
2044 2954 2103 3008 Π
2135 2958 2255 3009 437.
2304 2971 2320 3006 ι
2355 2960 2471 3008 535.
2517 2958 2550 3009 λ
2591 2961 2701 3011 115.

420 3023 612 3089 πέςῃςι
657 3017 902 3074 ACDEG
947 3018 1113 3072 Rhet.
1158 3017 1254 3072 Gr.
1300 3020 1341 3086 I,
1377 3026 1496 3085 259,
1545 3027 1626 3073 12.
1676 3019 1772 3084 ΙΙΙ,
1811 3025 1927 3083 106,
1977 3026 2059 3077 25.
2108 3022 2334 3091 πέςῃςιν
2377 3020 2474 3074 HL
2518 3021 2703 3080 Schol.

420 3092 463 3143 Α
502 3095 616 3146 593,
655 3118 715 3127 -
752 3093 852 3140 625
888 3088 1122 3153 λάβροντ
1170 3090 1381 3155 λαθρον
1423 3090 1575 3142 τινὲς
1619 3090 1706 3142 διὰ
1746 3093 1849 3153 τῆς
1894 3094 1964 3142 αῠ
2007 3090 2320 3154 διφθόγγου
2362 3088 2518 3146 Euat.
2557 3096 2702 3155 1033,

421 3161 503 3209 58.
543 3156 574 3188 *
609 3158 749 3208 snus:
784 3157 923 3209 ὑπαὶ
958 3152 1152 3207 ΑΟΒΕ
1187 3154 1274 3208 bis
1308 3153 1498 3208 GHLS
1535 3157 1596 3208 et
1629 3154 1833 3223 Heynii
1868 3154 2216 3219 libri..Rhet,
2253 3156 2347 3212 Gr.
2386 3157 2426 3213 Ι,
2463 3163 2581 3222 259,
2626 3162 2703 3211 12.

419 3224 704 3290 ἀνεμοτρα
753 3224 809 3275 ἐς
845 3221 1070 3280 Barocc.
1107 3252 1174 3261 —
1208 3227 1309 3275 626
1344 3224 1487 3290 ἄχνη
1526 3221 1621 3277 cG
1657 3224 1807 3292 (cum
1842 3223 2032 3291 glossa
2065 3226 2097 3277 ὁ
2132 3226 2342 3292 ἀφρὸς)
2388 3224 2426 3277 S
2462 3224 2550 3278 Et.
2585 3224 2643 3277 M
2690 3265 2702 3277 .

424 3296 537 3355 181,
576 3297 656 3345 50.
747 3291 938 3355 νέμοιό
983 3306 1048 3343 τε
1095 3289 1136 3343 C
1174 3288 1310 3346 Mor.
1359 3289 1544 3358 Apoll.
1581 3290 1749 3359 Soph.
1800 3298 1880 3355 12,
1918 3299 1965 3345 3.
2012 3294 2160 3362 ἀήτη
2206 3297 2255 3345 A
2298 3293 2345 3344 A
2389 3291 2482 3348 on.
2530 3292 2643 3360 Sop
2688 3336 2699 3346 .

423 3366 504 3419 12,
543 3365 601 3412 3:
640 3358 731 3411 vul
779 3372 811 3410 ο
848 3358 1044 3423 ἀήτης,
1082 3355 1164 3410 ita
1207 3355 1336 3410 libri
1373 3359 1489 3411 fere
1526 3373 1719 3411 omnes
1755 3359 1815 3413 et
1850 3359 2083 3428 Hesyeh.
2120 3360 2163 3425 l,
2200 3367 2283 3414 61.
2420 3361 2494 3414 et.
2530 3358 2625 3414 Gr.
2660 3361 2702 3421 Ι,

420 3433 538 3491 259,
580 3432 660 3481 12.
696 3427 720 3447 “
774 3441 948 3493 μηρος
973 3426 1155 3480 δεινὸς
1179 3425 1328 3493 ἀήτη
1367 3422 1519 3496 uibri
1543 3426 1745 3494 ἀήτης)
1785 3428 1865 3483 ὡς
1888 3430 2097 3484 κλυτὸς
2121 3429 2477 3492 Ἱπποδάμεια
2501 3427 2703 3481 Suidas

423 3497 463 3555 Ι.
509 3505 549 3559 1,
593 3498 739 3559 1231,
781 3499 858 3552 11.
895 3524 957 3531 -
995 3485 1094 3547 627
1131 3494 1416 3560 ἐβρέμεται
1454 3493 1512 3547 Ο.
1548 3524 1613 3532 —-
1650 3499 1749 3548 628
1784 3496 1884 3549 ὑπ’
1919 3497 1981 3551 ἐκ
2019 3495 2205 3549 CEGL
2241 3494 2394 3553 Stob.
2431 3494 2575 3548 Flor.
2618 3501 2699 3559 59,

421 3569 470 3617 8.
506 3565 653 3618 ὑπεκ
688 3564 755 3615 A.
799 3561 972 3631 vulgo
1007 3563 1169 3619 ὑπὲκ.
1217 3592 1281 3601 -
1328 3568 1426 3616 629
1473 3565 1552 3616 ὡς
1597 3560 1645 3614 D
1698 3569 1740 3621 1.
1789 3580 1936 3617 man.
1982 3565 2065 3618 ένι
2111 3567 2175 3617 A.
2216 3594 2276 3602 —
2324 3570 2418 3618 631
2470 3564 2702 3629 εἰαμενῆ

418 3630 581 3689 DHL.
618 3634 775 3686 ἔλεος
809 3628 1014 3683 ADGH
1050 3628 1198 3698 Lipe.
1225 3666 1291 3675 -
1326 3636 1424 3682 632
1460 3632 1619 3697 θηρὶ)
1652 3633 1789 3697 χειρὶ
1827 3630 2050 3685 Bal-occ.
2088 3633 2418 3698 μαχέςαςθαι
2455 3630 2695 3685 ACDEG

421 3698 559 3753 HLS
596 3701 657 3754 et
689 3697 898 3767 Heynii
931 3697 1079 3751 libri.
1116 3699 1258 3765 ἀμφι
1293 3698 1400 3750 AL.
1438 3727 1507 3737 —-
1541 3704 1643 3752 634
1676 3700 1804 3765 ἦτοι
1838 3698 1992 3757 Euat.
2022 3706 2175 3759 1035.
2211 3704 2306 3753 22ε
2345 3700 2519 3753 ceteri
2554 3702 2701 3767 ἤτοι.

424 3798 490 3807 -
521 3774 625 3822 635
662 3767 803 3822 αἰὲνε
843 3766 950 3821 αἰεὶ
985 3764 1053 3844 {L
1092 3766 1442 3835 ὁμοςτιχάνει
1479 3764 1534 3824 S.
1570 3768 1603 3821 ὃ
1640 3765 1698 3821 L.
1737 3797 1800 3807 -
1837 3773 1937 3823 636
1973 3770 2050 3821 ὡς
2087 3766 2137 3819 D
2180 3775 2222 3824 1.
2259 3783 2407 3824 man.

557 3938 625 4007 A.
662 3956 709 3995 0.
781 3943 878 3991 621
916 3938 1102 3992 οὕτως
1137 3936 1323 4003 αὐτήν
1368 3938 1507 4000 μετὰ
1550 3941 1658 3989 τοῦ
1702 3942 1735 3990 V
1779 3936 2124 4005 ἀρίςταρχος,
2169 3939 2278 4005 τὴν
2325 3938 2539 4004 πέτραν
2589 3936 2701 3990 Di-

426 4004 462 4057 d
473 4022 674 4073 ymus,
713 4034 780 4042 -
815 4009 915 4059 622
952 4005 1030 4058 ὣς
1066 4007 1281 4059 Δαναοὶ
1317 4006 1543 4071 Τρῶαςι
1582 4002 1838 4063 ἑξ’ἁλός.
1887 4006 1966 4059 ὣς
2002 4008 2219 4060 Δαναοὶ
2257 4003 2357 4058 alii
2394 4007 2538 4059 teste
2574 4007 2698 4057 Ari-

424 4073 654 4126 stonico.
694 4102 754 4111 —
793 4077 895 4125 626
939 4073 1107 4139 ἀχνῃι
1154 4074 1460 4140 Ζηνόδοτος
1505 4075 1676 4139 χωρὶς
1727 4078 1832 4125 τοῦ
1872 4080 1901 4126 ἰ’
1941 4074 2084 4140 ἄχνη
2133 4071 2263 4125 Did
2274 4089 2479 4141 ymuS.
2523 4075 2702 4143 ἀήτης

425 4144 513 4194 ὅτι
539 4141 841 4206 ἀρςενικῶς
867 4142 1045 4193 δεινὸς
1072 4142 1220 4207 ἀήτη
1237 4182 1250 4201 ,
1287 4141 1414 4194 ἀλλ’
1435 4140 1503 4193 οὐ
1528 4141 1710 4207 δεινή,
1748 4141 1827 4193 ὡς
1851 4142 2058 4195 κλυτὸς
2084 4143 2444 4207 Ἱπποδάμεια
2468 4140 2534 4208 (Β
2559 4147 2701 4197 742).

427 4210 562 4261 ἔνιοι
599 4210 660 4261 δὲ
697 4209 1036 4273 ἀγνοοῦντες
1084 4214 1303 4261 ποιοῦςι
1348 4209 1529 4261 δεινὸς
1574 4208 1781 4274 ἀήτης·
1819 4210 1953 4263 ’ἀλλ’
1994 4210 2062 4261 οὐ
2106 4210 2189 4263 δεῖ
2230 4209 2471 4277 γράφειν
2514 4211 2705 4262 οὕτως

426 4275 889 4395 ὲτίγῗὶιοδιᾶἑοιιε,
927 4274 1069 4332 conf.
1107 4274 1176 4330 H.
1232 4275 1296 4328 T.
1334 4281 1450 4330 385.
1499 4305 1562 4313 -
1612 4282 1712 4330 633
1749 4279 2090 4343 μαχήςαςθαι
2133 4276 2514 4342 Aristarchus,
2556 4276 2701 4331 conf.
