3144 5006
1250 434 1583 489 ΙΛΙΑΔΟ(
1631 432 1726 485 XI.
2517 430 2644 494 305

525 588 896 667 κεκλόμενοι
942 586 1217 667 ἑτάροιςι
1260 586 1419 652 κατὰ
1466 587 1697 666 ςτίχας.
1771 586 1843 652 ἐν
1889 587 1947 650 δ’
1989 585 2402 665 Ἀγαμέμνων

522 695 782 770 πρῶτος
826 688 1066 772 ὄρους’,
1112 688 1218 753 ἕλε
1262 688 1321 751 δ’
1363 686 1570 766 ἄνδρα
1616 688 1925 768 Βιήνορα,
1973 687 2250 767 ποιμένα
2294 688 2493 769 λαῶν,

521 791 743 874 αὐτόν,
788 790 1012 856 ἔπειτα
1055 791 1112 855 δ’
1156 791 1412 882 ἑταῖρον
1459 788 1680 866 Ὀιλῆα
1723 790 2107 868 πλήξιππον.

519 893 559 973 ἦ
604 914 703 959 τοι
749 890 788 956 ὅ
832 892 893 969 γ’
937 893 1002 959 ἐξ
1042 891 1265 958 ἵππων
1311 892 1789 968 κατεπάλμενος
1834 889 2051 955 ἀντίος
2096 889 2271 968 ἔςτη·

394 1002 474 1059 95
520 996 637 1060 τὸν
681 994 739 1058 δ’
783 993 917 1060 ἰθὺς
960 997 1263 1073 μεμαῶτα
1307 992 1635 1074 μετώπιον
1680 991 1811 1059 ὀξέι
1856 993 2041 1072 δουρὶ

518 1096 673 1178 νύξ’,
719 1095 873 1160 οὐδὲ
920 1096 1201 1178 ςτεφάνη
1247 1094 1407 1174 δόρυ
1452 1093 1515 1159 οἱ
1559 1095 1740 1174 ςχέθε
1790 1092 2237 1175 χαλκοβάρεια,

519 1198 686 1262 ἀλλὰ
729 1196 809 1261 δι’
854 1195 1051 1274 αὐτῆς
1094 1194 1249 1275 ἦλθε
1294 1197 1398 1260 καὶ
1441 1195 1704 1277 ὀςτέου,
1749 1194 2111 1277 ἐγκέφαλος
2152 1195 2225 1258 δὲ

518 1299 717 1365 ἔνδον
761 1297 929 1365 ἅπας
974 1299 1379 1363 πεπάλακτο·
1424 1297 1694 1376 δάμαςςε
1740 1297 1811 1361 δέ
1857 1317 1962 1377 μιν
2006 1302 2322 1376 μεμαῶτα.

518 1402 621 1465 καὶ
660 1400 815 1465 τοὺς
858 1402 974 1480 μὲν
1019 1400 1203 1465 λίπεν
1261 1398 1404 1464 αὖθι
1450 1396 1609 1466 ἄναξ
1655 1398 1915 1477 ἀνδρῶν
1961 1398 2371 1477 Ἀγαμέμνων

357 1510 478 1566 100
522 1502 760 1581 ςτήθεςι
806 1502 1336 1583 παμφαίνοντας,
1382 1500 1522 1564 ἐπεὶ
1565 1500 1861 1578 περίδυςε
1907 1503 2208 1579 χιτῶνας·

529 1602 730 1683 αὐτὰρ
776 1603 815 1667 ὃ
863 1606 938 1684 βῆ
986 1602 1043 1682 ῥ’
1086 1601 1252 1668 Ἰςόν
1295 1622 1364 1667 τε
1409 1603 1513 1666 καὶ
1552 1602 1867 1682 Ἄντιφον
1912 1599 2309 1684 ἐξεναρίξων,

523 1704 620 1770 υἷε
665 1704 801 1769 δύω
845 1705 1199 1786 Πριάμοιο,
1244 1703 1445 1768 νόθον
1491 1703 1596 1767 καὶ
1635 1704 1921 1785 γνήςιον,
1966 1699 2163 1783 ἄμφω

524 1807 619 1872 εἰν
664 1805 760 1871 ἑνὶ
804 1804 1015 1889 δίφρῳ
1061 1804 1273 1870 ἐόντε·
1321 1803 1359 1868 ὁ
1405 1805 1521 1884 μὲν
1568 1805 1763 1870 νόθος
1806 1803 2164 1886 ἡνιόχευεν,

519 1909 829 1989 Ἄντιφος
870 1904 951 1970 αὖ
996 1907 1348 1986 παρέβαςκε
1391 1906 1794 1986 περικλυτός·
1843 1905 1896 1968 ὥ
1943 1905 2091 1970 ποτ’
2132 1905 2453 1984 Ἀχιλλεὺς
2497 1892 2515 1906 ’

357 2015 475 2074 105
519 2010 685 2089 Ἴδης
731 2008 803 2073 ἐν
847 2011 1133 2087 κνημοῖςι
1183 2008 1324 2087 δίδη
1371 2006 1652 2087 μόςχοιςι
1697 2007 1963 2090 λύγοιςι,

521 2109 923 2191 ποιμαίνοντ’
966 2109 1068 2174 ἐπ’
1110 2107 1279 2174 ὄεςςι
1324 2109 1564 2192 λαβών,
1612 2108 1713 2174 καὶ
1756 2107 1981 2173 ἔλυςεν
2026 2107 2338 2173 ἀποίνων.

522 2213 600 2291 δὴ
644 2211 791 2276 τότε
833 2210 893 2287 γ’
935 2209 1252 2290 Ἀτρείδης
1298 2209 1452 2290 εὐρὺ
1498 2210 1728 2290 κρείων
1773 2210 2184 2289 Ἀγαμέμνων

528 2314 645 2378 τὸν
690 2313 806 2391 μὲν
850 2313 1013 2391 ὑπὲρ
1057 2315 1286 2389 μαζοῖο
1331 2313 1492 2377 κατὰ
1535 2314 1762 2390 ςτῆθος
1807 2311 1962 2390 βάλε
2008 2310 2215 2394 δουρί,

522 2415 836 2495 Ἄντιφον
881 2411 962 2476 αὖ
1008 2413 1185 2494 παρὰ
1229 2412 1343 2478 οὖς
1388 2413 1572 2479 ἔλαςε
1618 2413 1816 2496 ξίφει,
1860 2412 1929 2477 ἐκ
1974 2413 2032 2477 δ’
2074 2412 2252 2494 ἔβαλ’
2290 2411 2530 2481 ἵππων.

360 2524 482 2580 110
524 2516 957 2597 ςπερχόμενος
1000 2516 1058 2579 δ’
1102 2514 1233 2581 ἀπὸ
1278 2519 1445 2581 τοῖιν
1490 2516 1683 2582 ἐςύλα
1726 2516 1957 2596 τεύχεα
2001 2516 2164 2580 καλὰ

488 2736 557 2825 1⁸⁷.
593 2789 643 2823 1..
702 2774 765 2824 91
803 2786 947 2824 κατα
982 2767 1049 2823 D.
1087 2769 1166 2822 ἐν’
1188 2764 1278 2822 OG
1315 2768 1467 2822 Harl.
1503 2768 1642 2821 Mor.
1680 2701 1746 2822 ἐξ
1780 2766 1832 2821 S.
1869 2762 1935 2822 ἐκ
1969 2766 2037 2824 D.
2071 2768 2143 2820 ἂν
2177 2766 2237 2822 L.
2273 2769 2345 2822 ἀν
2380 2768 2445 2822 A.
2479 2703 2551 2823 ἓν
2574 2770 2639 2825 H.

1955 2853 2023 2889 νυ

353 2906 549 3041 {zeles
577 2903 1127 3038 fiexff'fff‘fgwg'dss
1153 2908 1349 3039 ἐς-χεὲει
1379 2904 1595 3029 {mis
1629 2902 2204 3038 ἓαλιῶβὲἓεειῆξᾼᾘᾷ
2227 2904 2564 3039 δξὲυδάειξςέιὲἑ
2596 2905 2645 3027 g

361 3083 403 3129 1.
440 3089 588 3127 man.
624 3102 688 3111 —
723 3079 791 3128 99
825 3074 1027 3127 αὐτόθι
1062 3071 1123 3127 L.
1157 3103 1223 3112 —
1266 3079 1360 3129 100
1396 3073 1658 3142 περίδηςε
1694 3044 2047 3170 ΙΑῘτῗΞῇδυςε
2080 3074 2146 3126 A.
2189 3103 2243 3112 -
2297 3079 2390 3127 101
2429 3074 2462 3128 ὃ
2499 3072 2645 3128 CDG

355 3173 467 3229 HL.
503 3175 659 3243 ριςόν
692 3191 757 3229 τε
793 3174 859 3227 G.
898 3176 1233 3243 ἐξεναρίζων
1267 3174 1326 3228 L.
1364 3205 1430 3214 —
1470 3181 1563 3227 102
1600 3176 1702 3229 δύο
1737 3173 1787 3227 D
1824 3180 1871 3229 2.
1908 3190 2058 3228 man.
2100 3191 2164 3228 τε
2203 3177 2293 3229 καὶ
2330 3175 2399 3229 H.
2448 3206 2505 3215 —
2552 3182 2646 3230 103

356 3245 520 3297 ἐόντε
555 3240 598 3294 L
633 3241 789 3296 Eust.
815 3249 932 3308 502,
969 3248 1052 3297 28.
1086 3242 1268 3297 Schol.
1303 3244 1355 3297 Δ
1379 3249 1496 3297 499.
1532 3241 1619 3295 Et.
1644 3242 1788 3295 Gud.
1812 3248 1930 3306 410,
1968 3248 2047 3296 31.
2084 3242 2282 3297 ἐόντας
2318 3242 2449 3298 libri
2484 3260 2643 3313 prae·

355 3312 446 3364 ter
477 3309 535 3364 L.
572 3341 638 3350 -
680 3316 775 3364 104
809 3312 908 3365 οὓς
944 3313 1076 3365 ποτ’
1098 3309 1161 3363 Ε.
1198 3312 1266 3364 δν
1300 3311 1432 3365 ποτ’
1469 3311 1515 3362 Α
1558 3309 1653 3363 oll.
1689 3309 1818 3364 Lex.
1861 3316 1971 3374 169,
2008 3316 2089 3365 34.
2124 3311 2345 3377 ἀχιλεὺς
2372 3311 2432 3366 C.
2455 3341 2520 3352 -
2550 3318 2646 3367 105

356 3381 610 3444 κνήμαιςι
635 3377 701 3431 G.
739 3379 977 3445 κνὴμῃςι
1012 3376 1165 3432 Harl.
1215 3381 1424 3444 λύγοιςι
1461 3380 1509 3431 A
1610 3376 1705 3430 EG
1741 3376 1934 3431 Zonar.
1972 3377 2102 3435 Lex.
2140 3385 2255 3432 481.
2292 3379 2476 3448 Apoll.
2514 3380 2643 3435 Lex.

359 3451 482 3510 169,
518 3453 602 3500 34.
636 3475 701 3484 —
742 3451 836 3499 107
871 3450 994 3499 τῶν
1027 3447 1159 3500 τότε
1186 3444 1222 3499 S
1248 3444 1406 3500 Cant.
1446 3447 1510 3500 εὐ
1549 3447 1583 3499 ὺ
1621 3447 1826 3512 κρείων
1860 3449 1932 3499 A:
1971 3447 2144 3500 ceteri
2181 3447 2544 3514 εὐρυκρείων.
2580 3479 2643 3489 -

363 3519 457 3568 108
482 3529 626 3636 itai-3
653 3515 710 3567 A.
740 3515 919 3634 ssdxev
954 3514 1222 3582 χαλκήρεϊ
1257 3516 1413 3582 δουρὶ
1439 3511 1487 3564 D
1567 3515 1670 3568 rat.
1696 3513 1750 3570 b.
1776 3516 1839 3570 A.
1881 3544 1939 3553 -—
1986 3520 2078 3568 109
2103 3516 2236 3582 παρ’
2264 3513 2317 3574 L.
2355 3517 2555 3571 έλαςεν
2578 3516 2646 3571 D.

355 3609 423 3620 -
460 3587 558 3635 110
629 3598 705 3635 πο
794 3622 807 3635 .

493 3752 558 3804 A.
594 3769 643 3804 c.
701 3751 1028 3818 ἀρίςταρχος
1067 3753 1296 3820 βιάνορα
1333 3749 1680 3818 Didymus.
1716 3781 1782 3790 —
1818 3756 1885 3804 94
1919 3751 2135 3806 ἅντίοςε
2173 3753 2373 3806 ἀντίον
2399 3751 2642 3809 Zenodo-

357 3819 448 3871 tus
485 3819 545 3871 et
576 3818 995 3887 Aristophanes.
1049 3849 1102 3856 —·
1157 3825 1220 3873 97
1257 3819 1571 3884 ἐγκέφαλος
1620 3819 1703 3872 be:
1741 3820 1830 3872 ότι
1876 3820 2259 3873 Ἀπολλώνιος
2307 3826 2456 3875 ποιεῖ
2492 3818 2644 3887 ἐγκέ-

357 3888 546 3951 φαλον
589 3886 674 3953 δέ,
713 3888 805 3939 καί
850 3888 954 3939 τὸν
1001 3887 1128 3952 ἑξῆς
1171 3887 1359 3940 ἀθετεῖ
1405 3886 1870 3951 Aristonicus,
1917 3886 2060 3939 conf.
2107 3886 2175 3939 H.
2211 3885 2273 3941 T.
2311 3891 2394 3945 56.
2447 3919 2504 3927 —
2553 3896 2646 3943 100

357 3954 614 4020 περίδυςε
654 3959 922 4020 χιτῶναςτ
958 3955 1046 4007 ὅτι
1082 3956 1146 4008 ἔν
1181 3970 1281 4009 τιςι
1316 3955 1596 4022 γράφεται
1633 3955 1757 4008 ἐπεὶ
1793 3955 1971 4008 κλυτὰ
2011 3956 2200 4021 τεύχε’
2233 3955 2460 4022 ἀπηύρα
2495 3957 2643 4010 Ari-

357 4020 685 4074 stonicus.
720 4052 782 4060 -
824 4027 916 4075 101
958 4024 1026 4088 βῆ
1064 4022 1118 4141 ss’
1150 4022 1294 4077 Ἰςον
1329 4021 1709 4075 Aristarchus:
1747 4024 1814 4087 βῆ
1849 4023 1993 4075 Ἶςον
2030 4021 2362 4075 Zenodotus.
2409 4024 2644 4091 Βήριςον

359 4087 720 4157 Posidippus,
754 4090 897 4147 conf.
937 4091 1060 4158 Apo
1109 4131 1121 4143 .
1159 4088 1230 4143 de
1256 4087 1413 4157 Synt.
1450 4094 1534 4155 66,
1571 4095 1619 4146 5.
1675 4090 1999 4156 ἀρίςταρχος
2035 4091 2121 4153 δὲ,
2158 4090 2287 4144 ῖςόν
2321 4107 2386 4144 τε
2424 4094 2514 4145 καὶ
2551 4094 2645 4146 ἄν·

356 4173 530 4222 τιφον
572 4158 678 4224 γρά
728 4173 777 4211 ει
812 4154 862 4210 G
906 4156 964 4209 in
1007 4156 1279 4226 margine.
1331 4188 1390 4196 —
1440 4163 1531 4211 103
1567 4156 1944 4224 ἀριςτοφάνης
1991 4157 2155 4211 ἐόντε
2191 4156 2538 4226 Didymus.
2580 4189 2643 4198 —-

361 4229 460 4277 104
494 4225 568 4276 ὥς
604 4225 672 4277 δν
736 4223 1034 4288 enodetus,
1071 4224 1214 4279 conf.
1244 4224 1487 4279 Ariston.
1514 4224 1588 4277 ad
1622 4229 1713 4278 106
1737 4226 1795 4278 et
1824 4232 1932 4280 111.
1974 4254 2036 4263 -
2078 4229 2173 4278 106
2208 4226 2296 4279 ὅτι
2326 4228 2396 4280 τὸ
2431 4230 2643 4296 πλῆρες

359 4290 747 4358 ποιμαίνοντε,
780 4293 1105 4361 Ζηνόδοτος
1129 4294 1191 4347 δὲ
1215 4295 1362 4347 ἔοικε
1387 4293 1641 4360 δέχεςθαι
1666 4291 2056 4359 ποιμαίνοντα,
2093 4295 2183 4346 καὶ
2208 4294 2314 4361 γὰρ
2339 4295 2440 4360 ,,ὅν
2464 4299 2643 4351 ποτε“

354 4358 560 4426 γράφει
596 4359 1050 4413 Aristonicus.

463 4451 655 4494 Romen
679 4453 811 4495 Ilias.
839 4455 877 4494 1.
2170 4452 2239 4501 20
