3144 5006
1293 402 1621 458 ΙΛΙΑΔΟΕ
1680 399 1855 458 XVII.
2589 403 2704 467 171

602 553 934 635 καιόμεναί
975 575 1047 618 τε
1091 553 1292 631 δεταί,
1336 555 1449 621 τάς
1493 576 1560 620 τε
1606 559 1746 636 τρεῖ
1787 556 2126 636 ἐςςύμενός
2171 576 2323 637 περ·

601 656 813 735 ἠῶθεν
859 657 915 721 δ’
959 655 1091 722 ἀπὸ
1136 657 1365 738 νόςφιν
1411 655 1523 737 ἔβη
1567 656 1838 737 τετιηότι
1882 663 2087 740 θυμῷ·

432 764 552 822 665
600 758 691 822 ὣς
735 756 867 823 ἀπὸ
912 758 1321 837 Πατρόκλοιο
1368 760 1526 839 βοὴν
1574 759 1818 834 ἀγαθὸς
1863 761 2198 826 Μενέλαος

597 860 697 938 ἤιε
743 860 931 924 πόλλ’
974 860 1212 925 ἀέκων·
1259 862 1406 941 περὶ
1447 862 1572 940 γὰρ
1618 862 1743 942 δίε,
1790 863 1872 941 μή
1917 883 2020 943 μιν
2067 864 2309 943 Ἀχαιοὶ

600 962 924 1042 ἀργαλέου
969 964 1096 1042 πρὸ
1142 964 1381 1044 φόβοιο
1429 963 1600 1041 ἕλωρ
1645 963 1871 1042 δηίοιςι
1918 964 2182 1029 λίποιεν.

598 1066 812 1130 πολλὰ
856 1067 929 1131 δὲ
976 1066 1269 1148 Μηριόνῃ
1313 1085 1381 1130 τε
1425 1067 1528 1130 καὶ
1568 1064 1885 1131 Αίάντεςς’
1929 1066 2297 1133 ἐπέτελλεν·

775 1165 1009 1243 Αἴαντ’,
1057 1167 1360 1246 Ἀργείων
1403 1166 1714 1251 ἡγήτορε,
1762 1169 2050 1249 Μηριόνη
2096 1190 2194 1247 τε,

442 1275 565 1334 670
608 1275 727 1336 νῦν
771 1290 863 1335 τις
908 1270 1156 1350 ἐνηείης
1194 1270 1617 1350 Πατροκλῆος
1662 1274 1905 1336 δειλοῖο

601 1372 965 1452 μνηςάςθω·
1010 1374 1198 1438 πᾶςιν
1241 1373 1365 1450 γὰρ
1410 1371 1708 1438 ἑπίςτατο
1752 1373 2031 1453 μείλιχος
2077 1372 2240 1439 εἶναι

601 1475 769 1542 ζωὸς
813 1474 972 1540 ἐών·
1018 1477 1139 1540 νῦν
1187 1472 1269 1538 αὖ
1316 1474 1594 1539 θάνατος
1641 1476 1743 1539 καὶ
1785 1479 1980 1554 μοῖρα
2023 1477 2279 1556 κιχάνει.

778 1576 868 1642 ὣς
911 1575 1037 1656 ἄρα
1083 1577 1390 1656 φωνήςας
1434 1576 1638 1656 ἀπέβη
1683 1578 1916 1643 ξανθὸς
1960 1577 2328 1654 Μενέλαος,

603 1678 884 1744 πάντοςε
927 1677 1311 1744 παπταίνων
1360 1677 1450 1744 ὥς
1494 1680 1548 1742 τ’
1593 1677 1825 1756 αἰετός,
1872 1679 1951 1744 ὅν
1999 1678 2080 1759 ῥά
2122 1681 2191 1744 τέ
2237 1700 2429 1762 φαςιν

434 1786 556 1844 675
602 1780 919 1846 ὀξύτατον
964 1781 1285 1859 δέρκεςθαι
1330 1779 1747 1859 ὑπουρανίων
1792 1787 2157 1865 πετεηνῶν,

604 1881 683 1948 ὅν
726 1902 795 1947 τε
841 1883 944 1946 καὶ
988 1882 1182 1961 ὑψόθ’
1226 1881 1420 1947 ἐόντα
1461 1882 1669 1948 πόδας
1711 1883 1908 1962 ταχὺς
1954 1883 2073 1948 οὐκ
2118 1884 2306 1950 ἔλαθε
2350 1884 2527 1950 πτὼξ

602 1985 827 2067 θάμνῳ
874 1982 984 2047 ὑπ’
1027 1983 1367 2067 ἀμφικόμῳ
1412 1984 1897 2069 κατακείμενος,
1942 1984 2111 2051 ἀλλά
2154 1987 2207 2049 τ’
2250 1985 2350 2049 ἐπ’
2394 1985 2569 2069 αὐτῷ

601 2085 855 2165 ἔςςυτο,
902 2085 1003 2151 καί
1046 2087 1115 2151 τέ
1160 2106 1264 2166 μιν
1311 2087 1447 2151 ὦκα
1492 2087 1711 2166 λαβὼν
1758 2086 2033 2153 ἐξείλετο
2078 2087 2299 2165 θυμόν.

600 2189 690 2252 ὣς
733 2188 881 2253 τότε
926 2190 1024 2254 coi
1070 2190 1361 2254 Μενέλαε
1407 2191 1744 2269 διοτρεφὲς
1790 2189 1934 2255 ὄςςε
1978 2191 2226 2269 φαεινὼ

432 2296 557 2355 680
600 2290 879 2356 πάντοςε
925 2292 1236 2370 δινείςθην
1280 2292 1544 2355 πολέων
1588 2292 1749 2357 κατὰ
1794 2292 1985 2358 ἔθνος
2029 2291 2330 2371 ἑταίρων,

598 2390 657 2456 εἴ
699 2413 830 2457 που
876 2392 1201 2471 Νέςτορος
1248 2392 1390 2458 υἱὸν
1434 2393 1527 2457 ἔτι
1571 2394 1828 2460 ζώοντα
1869 2392 2101 2458 ἴδοιτο·

598 2494 715 2559 τὸν
762 2496 834 2560 δὲ
877 2494 1024 2575 μάλ’
1068 2493 1211 2574 αἶψ’
1250 2494 1480 2585 δἐνόηςε
1525 2495 1728 2575 μάχης
1775 2496 1874 2561 ἐπ’
1920 2495 2215 2576 ἀριςτερὰ
2257 2496 2461 2576 πὰςης

599 2598 980 2676 θαρςύνονθ’
1023 2597 1293 2678 ἑτάρους
1336 2598 1440 2662 καὶ
1483 2597 1931 2677 ἐποτρύνοντα
1973 2599 2287 2678 μάχεςθαι.

599 2699 803 2779 ἀγχοῦ
848 2699 906 2764 δ’
947 2699 1278 2779 ἱςτάμενος
1321 2700 1634 2780 προςέφη
1663 2701 1897 2766 ξανθὸς
1943 2700 2306 2767 Μενέλαος·

570 2960 634 3014 V.
672 2980 720 3015 1..
793 2966 893 3016 664
929 2961 1045 3015 ἀπὸ
1070 2963 1271 3025 νόςφιν
1296 2960 1373 3015 Dz
1411 2962 1589 3016 ceteri
1615 2963 1957 3030 ἀπονόςφιν,
1995 2962 2140 3018 conf.
2164 2963 2234 3017 Η.
2263 2963 2326 3017 U.
2353 2970 2436 3020 88.
2472 2966 2722 3033 τετιηότι

430 3033 620 3100 θυμῷε
667 3032 728 3083 ἐν
774 3030 930 3098 ἄλλῳ
977 3031 1306 3096 τετιημένος
1352 3032 1494 3098 ἦτορ
1540 3033 1604 3089 Α.
1652 3061 1716 3069 -
1771 3037 1871 3085 665
1907 3033 2019 3086 ἀπο
2054 3035 2118 3085 A.
2176 3061 2240 3072 ·—
2294 3037 2394 3088 666
2429 3034 2617 3087 ἀὲκων
2651 3035 2719 3087 A.

430 3168 556 3233 πέρι
593 3163 704 3219 GL.
741 3182 865 3233 περι
892 3163 961 3219 D.
999 3195 1065 3204 —
1101 3169 1199 3219 667
1236 3185 1347 3235 προ
1383 3166 1538 3223 ACL.
1577 3125 1793 3222 λίπὲιιεν
1815 3166 1873 3225 Ιι.
1913 3169 2095 3222 λίποιε
2120 3166 2178 3222 C.
2216 3199 2274 3207 —
2315 3174 2415 3223 668
2451 3171 2720 3225 ἐπέτελλε

430 3233 496 3286 D.
535 3234 812 3289 αἰάντεςςι
857 3234 1054 3288 κέλευε
1098 3233 1145 3287 G
1191 3233 1340 3289 Flor.
1382 3234 1543 3293 Rom.
1597 3264 1663 3275 —-
1715 3242 1816 3291 670
1860 3238 2203 3304 πατρόκλοιο
2253 3236 2307 3290 S.
2347 3269 2407 3277 —
2454 3243 2550 3292 671
2590 3244 2720 3293 πᾶςι

433 3299 531 3355 DE
567 3300 715 3370 Lips.
754 3300 941 3370 Apoll.
987 3301 1155 3369 Soph.
1198 3309 1306 3369 163,
1343 3309 1428 3358 28.
1474 3334 1543 3343 —
1588 3308 1687 3358 672
1736 3309 1842 3359 νῦν
1887 3306 1958 3359 αὖ
2001 3302 2250 3358 ADEHL
2295 3305 2522 3363 Bal-occ.
2568 3306 2721 3376 Lips.

431 3369 646 3423 Townl.
693 3367 881 3440 Frgm.
926 3369 1096 3423 Mose.
1136 3370 1296 3425 Vrat.
1348 3371 1401 3429 b.
1437 3372 1499 3428 A.
1540 3376 1645 3425 νῦν
1691 3374 1741 3425 δ’
1784 3373 1854 3427 αὖ
1900 3373 1948 3426 G
1995 3371 2121 3427 edd.
2167 3373 2307 3427 vett.
2355 3379 2461 3427 νῦν
2503 3375 2612 3443 γὰρ
2659 3374 2720 3431 C.

434 3443 600 3505 μοῖρα
636 3437 887 3504 κάλυψεν
923 3436 990 3489 Η.
1042 3468 1104 3476 -
1150 3445 1249 3494 673
1288 3442 1367 3494 ώς
1402 3440 1468 3492 A.
1516 3471 1583 3479 -—
1629 3446 1728 3494 674
1765 3442 1834 3495 δν
1871 3441 1935 3496 A.
1986 3442 2057 3507 ῥά
2091 3457 2154 3495 τε
2195 3444 2364 3507 φαςιν
2399 3442 2718 3498 ACDGHL.

435 3535 497 3543 —
534 3510 634 3560 675
669 3506 1034 3573 ὑπὸυρανίων
1083 3507 1150 3564 A.
1198 3513 1512 3561 πετεεινῶν
1559 3507 1655 3561 DL
1701 3507 1856 3561 Harl.
1902 3538 1967 3547 —
2014 3514 2112 3562 679
2160 3510 2240 3564 ὡς
2275 3511 2343 3563 Α.
2389 3511 2523 3565 τότε
2569 3514 2631 3566 ςὺ
2675 3510 2719 3566 L

430 3572 579 3643 Lips.
616 3590 696 3628 ςοι
731 3572 798 3633 D.
836 3577 1127 3640 διοτρεφὲς
1164 3577 1344 3629 omitt.
1383 3575 1422 3629 C
1466 3582 1507 3629 1.
1546 3592 1695 3628 man.
1742 3577 2041 3645 δῑοτροφὲς
2086 3576 2153 3634 Η.
2200 3606 2264 3616 -·
2313 3582 2414 3632 680
2449 3581 2718 3648 δινὴςθην

1009 3652 1033 3688 ε

1040 3653 1057 3688 ι

427 3690 487 3744 L.
525 3693 791 3760 δινήςθην
828 3692 888 3748 L.
924 3696 1189 3761 δινήςθην
1222 3693 1292 3751 Η.
1338 3723 1401 3733 -
1444 3700 1541 3748 681
1587 3698 1762 3750 ἴδοιτο
1798 3694 1945 3750 ACD
1983 3695 2209 3754 Barocc.
2258 3695 2478 3755 Townl.
2525 3696 2598 3750 Fr
2640 3715 2715 3751 m.

430 3758 600 3815 Mose.
635 3760 777 3815 ἴδοιο
813 3759 1004 3814 EGHS
1029 3761 1173 3815 Flor.
1210 3760 1371 3816 Rom.
1408 3763 1546 3818 ἴδοιε
1585 3763 1626 3815 L
1651 3762 1796 3833 Lips.
1838 3794 1902 3802 --
1939 3769 2036 3819 682
2072 3766 2242 3818 τόνδε
2267 3764 2334 3820 Η.
2373 3766 2517 3830 ᾰῑψα
2553 3782 2586 3817 ν
2623 3783 2719 3834 ηςε

431 3825 578 3896 Lips.
623 3857 687 3866 -
741 3835 841 3883 683
887 3830 1139 3898 ἑταίρους
1183 3828 1236 3882 Η
1279 3829 1428 3898 Lips.
1479 3830 1626 3884 Flor.
1673 3832 1805 3899 post
1849 3831 1995 3886 hunc
2038 3832 2280 3886 insertus
2335 3835 2421 3885 est
2466 3832 2525 3885 in
2574 3832 2626 3885 H
2663 3836 2723 3887 et

435 3894 592 3948 Vrat.
631 3895 684 3950 d.
721 3899 1015 3951 Θεςπέςῖον
1048 3900 1167 3964 γάρ
1191 3902 1323 3961 ςφῖν
1348 3902 1543 3964 ,φόβον
1579 3901 1782 3965 ἔμβαλε
1806 3903 2005 3966 φοῑβος
2041 3902 2341 3966 ἀπόλλων,
2378 3901 2477 3968 qui
2511 3900 2722 3970 legitur

435 3963 473 4016 Ρ
513 3970 625 4018 118.
664 3993 726 4003 ——
767 3970 867 4019 684
902 3967 1042 4021 ἔπεα
1078 3967 1397 4033 πτερόεντα
1433 3970 1724 4034 προςηῦδα
1759 3966 1894 4024 Vat.

571 4222 636 4278 A.
676 4238 721 4273 c.
796 4226 893 4275 681
933 4224 1123 4278 οὕτως
1158 4222 1487 4289 ἀρίςταρχος
1524 4222 1730 4285 ἴδοιτο,
1778 4225 1850 4277 τὰ
1895 4224 2020 4278 ὄςςε
2065 4225 2330 4291 δηλονότι
2373 4222 2722 4291 Didymus,

435 4285 634 4420 {³033
661 4290 1039 4412 *sszffilfssff'
1076 4290 1133 4345 οἳ
1166 4293 1227 4344 δὲ
1264 4294 1435 4357 χωρίς
1469 4294 1574 4343 τοῦ
1612 4296 1673 4356 V,
1712 4291 1764 4344 οἱ
1800 4293 1859 4344 δὲ
1894 4293 2009 4345 ἀπὸ
2033 4297 2136 4357 τῆς
2173 4294 2373 4357 ςχολῆς
2413 4293 2552 4345 ἴδοιο
2587 4293 2719 4358 γρά-
