3144 5006
1276 409 1608 466 ΙΛΙΑΔΟ(
1657 408 1803 463 VIII.
2567 405 2693 470 233

575 565 740 646 μίγδ’
782 565 1028 631 ἄλλοιςι
1072 566 1297 648 θεοῖςι,
1347 564 1545 644 φίλον
1591 562 1949 644 τετιημέναι
1990 562 2168 643 ἦτορ.
2222 640 2251 661 N

741 668 907 735 Ζεὺς
952 668 1023 733 δὲ
1066 668 1274 748 πατὴρ
1317 667 1560 746 Ἴδηθεν
1606 665 1921 746 ἐύτροχον
1966 665 2136 746 ἅρμα
2179 660 2283 729 καὶ
2320 663 2563 729 ἵππους

575 769 925 849 Οὔλυμπον
970 771 1041 835 δὲ
1084 768 1307 852 δίωκε,
1351 771 1521 834 θεῶν
1567 767 1627 832 δ’
1669 766 1905 835 ἐξίκετο
1950 767 2216 832 θώκους.

407 875 533 937 440
575 878 669 957 τῷ
714 871 784 936 δὲ
828 871 932 937 καὶ
971 870 1212 938 ἵππους
1257 872 1372 950 μὲν
1417 874 1564 937 λῦςε
1612 870 1839 935 κλυτὸς
1870 867 2304 951 έννοςίγαιος,

575 973 824 1054 ἅρματα
866 974 924 1037 δ’
968 973 1053 1054 ἂμ
1098 976 1364 1054 βωμοῖςι
1405 971 1560 1038 τίθει
1602 972 1764 1037 κατὰ
1808 973 1951 1036 λῖτα
1992 968 2330 1037 πετάςςας·

481 1115 485 1119 «
576 1073 769 1139 αὐτὸς
813 1076 884 1141 δὲ
928 1074 1224 1155 χρύςειον
1270 1074 1375 1140 ἐπὶ
1420 1073 1662 1155 θρόνον
1706 1071 1999 1152 εὐρύοπα
2039 1071 2205 1137 Ζεὺς

576 1176 784 1260 ἕζετο,
825 1182 919 1258 τῷ
963 1176 1021 1242 δ’
1063 1175 1192 1242 ὑπὸ
1236 1177 1421 1242 ποςςὶ
1464 1175 1659 1256 μέγας
1702 1174 2048 1254 πελεμίζετ’
2088 1173 2438 1253 Ὄλυμπος.

577 1278 645 1344 αἳ
687 1278 744 1344 δ’
790 1276 922 1344 οἶαι
963 1277 1128 1345 Διὸς
1170 1276 1369 1360 ἀμφὶς
1412 1275 1709 1357 Ἀθηναίη
1753 1296 1821 1341 τε
1865 1275 1967 1341 καὶ
2007 1276 2173 1356 Ἥρη

410 1384 534 1444 445
578 1379 805 1463 ἥςθην,
852 1378 1008 1446 οὐδέ
1050 1379 1110 1446 τί
1154 1401 1259 1460 μιν
1303 1380 1773 1460 προςεφώνεον
1819 1375 1960 1443 οὐδ’
2003 1376 2303 1458 ἐρέοντο·

578 1478 777 1562 αὐτὰρ
822 1481 860 1547 ὃ
905 1481 1077 1560 ἔγνω
1120 1482 1259 1566 ᾗςιν
1304 1481 1404 1547 ἐνὶ
1445 1481 1631 1563 φρεςὶ
1673 1479 1975 1562 φώνηςέν
2018 1499 2114 1544 τε·

743 1582 916 1665 τίφθ’
960 1582 1132 1650 οὕτω
1176 1582 1502 1663 τετίηςθον
1546 1581 1845 1661 Ἀθηναίη
1887 1602 1957 1646 τε
2001 1582 2104 1647 καί
2144 1581 2344 1662 Ἣρη;

578 1683 659 1751 οὐ
705 1684 823 1765 μέν
868 1689 986 1764 θην
1033 1683 1308 1763 κάμετόν
1350 1704 1426 1760 γε
1471 1685 1640 1768 μάχῃ
1685 1683 1781 1750 ἔνι
1824 1684 2185 1767 κυδιανείρῃ

578 1784 839 1852 ὀλλῦςαι
881 1786 1141 1870 Τρῶας,
1184 1788 1382 1851 τοῑςιν
1410 1785 1623 1851 κότον
1668 1785 1854 1851 αἰνὸν
1898 1785 2129 1851 ἔθεςθε.

411 1890 536 1951 450
580 1887 870 1972 πάντως,
918 1886 1064 1954 οἷον
1108 1887 1265 1967 ἐμόν
1308 1907 1381 1964 γε
1426 1887 1621 1967 μένος
1665 1888 1767 1952 καὶ
1809 1891 2018 1969 χεῖρες
2062 1885 2320 1970 ἄαπτοι,

581 1989 700 2055 οὐκ
742 1989 824 2056 ἄν
869 2010 944 2070 με
987 1989 1295 2073 τρέψειαν
1342 1987 1483 2055 ὅςοι
1527 1990 1665 2054 θεοί
1709 1987 1819 2055 εἰς’
1862 1988 1934 2055 ἐν
1979 1988 2304 2073 Ὀλύμπῳ.

580 2096 787 2171 ςφῶιν
831 2092 901 2157 δὲ
945 2090 1095 2171 πρίν
1140 2111 1261 2170 περ
1307 2090 1547 2170 τρόμος
1590 2089 1821 2172 ἔλλαβε
1864 2089 2137 2173 φαίδιμα
2175 2093 2349 2173 γυῖα,

579 2192 729 2273 πρὶν
773 2192 1061 2273 πόλεμόν
1106 2192 1160 2257 τ’
1204 2191 1395 2260 ἰδέειν
1441 2191 1755 2273 πολέμοιό
1799 2212 1869 2259 τε
1914 2193 2192 2274 μέρμερα
2236 2192 2410 2272 ἔργα.

582 2292 711 2360 ὧδε
755 2295 878 2375 γὰρ
924 2294 1187 2377 ἐξερέω,
1233 2294 1310 2361 τὸ
1356 2294 1428 2360 δέ
1472 2314 1582 2361 κεν
1625 2294 2075 2375 τετελεςμένον
2121 2292 2264 2373 ἦεν·

411 2400 534 2457 455
582 2394 700 2460 οὐκ
744 2395 824 2461 ἂν
871 2397 978 2478 ἐφ’
1022 2396 1349 2477 ὑμετέρων
1394 2394 1645 2480 ὀχέων,
1690 2396 2005 2475 πληγέντε
2048 2403 2362 2480 κεραυνῷ,

582 2497 677 2578 ἂψ
723 2496 790 2565 ἑς
830 2498 1169 2581 Ὄλυμπον
1212 2497 1465 2564 ἵκεςθον
1480 2548 1499 2582 ,
1549 2497 1637 2565 ἵν’
1676 2497 2017 2565 ἀθανάτων
2062 2497 2212 2565 ἕδος
2258 2498 2440 2566 ἐςτίν.

546 2649 613 2704 V.
650 2667 698 2703 L.
757 2656 858 2706 438
894 2652 1167 2719 εὔτροχον
1202 2647 1319 2704 DG.
1356 2679 1422 2689 —
1456 2654 1559 2705 439
1596 2651 1893 2716 οὔλυμπον
1927 2651 1988 2705 δὲ
2012 2651 2075 2703 Α.
2114 2651 2460 2714 οὔλυμπόνδ’
2496 2650 2696 2710 ἐδίωκε

412 2715 552 2773 CEG
587 2719 883 2785 οὔλυμπον
927 2721 979 2773 δ’
1022 2719 1221 2773 ἐδίωκε
1257 2716 1327 2771 Η.
1371 2717 1616 2773 ἐξείκετο
1649 2716 1716 2770 Η.
1752 2748 1817 2756 -
1854 2724 1955 2771 440
1989 2721 2157 2772 λῡςεν
2191 2717 2400 2771 AEHL.
2436 2720 2594 2773 ἔλυςε
2631 2717 2696 2772 G.

411 2785 716 2850 ἐνοςίγαιος
753 2785 819 2840 G.
855 2815 920 2825 —
955 2792 1051 2840 441
1090 2786 1395 2853 ἀμβωμοῖςι
1419 2782 1708 2840 ACDEGL
1733 2784 1808 2839 Et
1845 2784 1959 2855 Mg.
1998 2791 2114 2851 217,
2151 2792 2233 2841 53.
2271 2785 2358 2840 Et.
2396 2784 2541 2839 Gud.
2582 2791 2695 2850 118,

415 2861 493 2908 15.
529 2853 717 2922 Apoll.
752 2853 885 2908 Lex.
920 2859 1002 2918 53,
1041 2859 1122 2911 22.
1160 2851 1341 2908 Cram.
1376 2854 1485 2907 An.
1522 2852 1649 2906 Par.
1674 2852 1769 2920 IV,
1808 2858 1856 2916 8,
1896 2859 1977 2906 22.
2013 2854 2323 2919 ἀνβωμοῖςϊ
2358 2852 2427 2907 Η.
2463 2855 2499 2906 ἅ
2535 2870 2610 2919 μα
2646 2856 2696 2908 δ’

410 2924 525 2988 ἅμα
561 2924 789 2987 βωμοῖςι
825 2920 1007 2976 Schol.
1030 2923 1078 2976 Ζ
1105 2927 1183 2977 15.
1222 2937 1364 2975 κατα
1400 2918 1619 2975 ACDH.
1657 2924 1781 2975 λῑνα
1805 2919 1865 2974 L.
1902 2922 2147 2977 πετάςας
2172 2919 2321 2975 DEG
2345 2923 2468 2990 Apo
2516 2963 2528 2975 .
2565 2920 2696 2975 Lex.

410 2997 492 3051 53,
530 2994 613 3042 22.
658 2988 745 3042 Et.
789 2989 847 3042 M
891 3030 902 3042 .
950 2993 1075 3050 568,
1113 2995 1162 3042 2.
1211 3019 1275 3028 -
1320 2995 1419 3043 442
1454 2992 1695 3056 χρύςεον
1736 2986 1846 3042 DL.
1895 2990 1987 3042 ἐπι
2024 2989 2086 3041 Α.
2132 3019 2197 3029 -
2243 2990 2700 3055 443’πολεμίζετ’

412 3055 520 3111 GL.
561 3090 624 3098 —
660 3063 763 3111 444
795 3058 855 3112 αἵ
893 3059 907 3079 ’
939 3053 1146 3110 CDGL.
1183 3058 1256 3112 τὲ,
1282 3060 1370 3111 καὶ
1397 3054 1454 3110 C.
1493 3087 1555 3095 —
1594 3063 1693 3109 445
1728 3057 1859 3111 οὐδέ
1893 3073 1945 3110 τι
1970 3054 2235 3109 ADGHL.
2274 3058 2368 3122 μὶν
2394 3055 2460 3110 G.
2496 3085 2562 3096 —
2596 3063 2699 3112 446
2734 3075 2737 3078 ·

412 3127 444 3180 ὃ
479 3122 799 3180 ACDGHL.
842 3127 923 3179 ἑνι
959 3124 1025 3181 A.
1067 3153 1124 3163 -—
1161 3129 1263 3179 448
1299 3126 1401 3189 μέν
1436 3127 1545 3192 θην
1581 3122 1911 3178 ACDEHLS
1949 3122 2106 3178 Cant.
2146 3123 2357 3177 Townl.
2405 3125 2508 3191 μὲν
2542 3126 2612 3193 δὴ
2649 3125 2697 3178 G

411 3209 443 3247 e
516 3193 689 3256 loma,
733 3193 879 3246 conf.
921 3191 1077 3249 Euat.
1114 3198 1239 3257 722,
1278 3199 1337 3246 51
1387 3193 1456 3246 οὐ
1504 3193 1609 3254 μέν
1652 3196 1761 3259 θην
1843 3208 1983 3256 γουν
2028 3192 2097 3245 οὐ
2145 3193 2249 3258 μὲν
2292 3195 2380 3261 δὴ.
2447 3193 2698 3259 κάμετόν

411 3263 459 3314 Α
505 3258 754 3314 DEGHL
772 3259 953 3314 Schol.
974 3260 1016 3313 Ν
1044 3264 1159 3313 620.
1195 3261 1278 3315 ἔνι
1302 3260 1376 3312 A:
1403 3260 1485 3314 ἑνι
1505 3258 1571 3317 Ι).
1609 3260 1690 3314 ἐνὶ
1716 3258 1804 3314 CE
1858 3257 1971 3312 HL.
2009 3261 2118 3327 μάχ
2158 3277 2191 3313 ν
2215 3261 2323 3315 ἀνὰ
2347 3262 2700 3329 κυδιάνειραν

410 3327 565 3381 Eust.
605 3333 754 3390 1726,
791 3333 873 3381 26.
909 3357 974 3367 -
1007 3333 1109 3382 449
1143 3333 1332 3395 τρῷας
1367 3326 1426 3379 L.
1463 3333 1603 3381 τοῖςι
1640 3326 1705 3380 D.
1744 3357 1810 3367 --
1846 3333 1942 3381 451
1983 3328 2087 3383 εἶς’
2166 3327 2278 3384 DL.
2316 3358 2379 3367 —
2415 3335 2515 3383 452
2551 3335 2701 3397 ςφῶῖ

413 3394 478 3450 G.
515 3398 678 3462 ὑμῶν
710 3394 773 3449 Ε.
809 3396 972 3461 ἔλαβε
999 3394 1064 3449 G.
1101 3424 1168 3435 —-
1202 3401 1302 3450 453
1338 3397 1390 3448 τ’
1414 3394 1608 3450 ίδέεινε
1646 3413 1711 3450 τε
1750 3395 1886 3450 ἰδεῖν
1909 3394 1971 3448 Ε.
2010 3426 2073 3435 -
2110 3401 2212 3449 454
2248 3396 2359 3451 ὧδε
2395 3397 2456 3450 δὲ
2490 3398 2698 3463 ἐξερέω

411 3461 480 3516 Η.
514 3465 585 3518 τὸ
621 3465 683 3518 δέ
719 3480 843 3517 κενι
880 3464 972 3518 καί
1016 3479 1117 3517 κεν
1150 3462 1211 3520 L.
1256 3464 1326 3517 τὸ
1371 3463 1433 3517 δέ
1477 3479 1578 3518 κεν
1620 3463 2018 3530 τετελεςμένον
2061 3463 2165 3530 ἦεν
2210 3463 2300 3517 AS
2336 3463 2497 3521 Cant.
2532 3468 2603 3519 τὸ
2639 3467 2700 3520 δὲ

412 3533 504 3586 καὶ
537 3532 939 3595 τετελεςμένον
982 3533 1132 3586 ἔςται
1168 3528 1750 3599 ΟΒ(τόδε)Ο(τόδε)Η.
1801 3532 1892 3586 καί
1937 3548 2036 3586 κεν
2079 3533 2482 3598 τετελεςμένον
2524 3534 2700 3589 ἔπλεν

411 3598 625 3653 Townl.
680 3600 744 3653 ἐν
787 3601 946 3670 ἄλλῳ
993 3599 1084 3653 καί
1129 3615 1229 3653 κεν
1272 3600 1677 3665 τετελεςμένον
1721 3601 1897 3654 ἔπλεν
1931 3599 1997 3658 Α.
2051 3629 2117 3639 -
2169 3606 2270 3655 456
2314 3601 2371 3656 ἐς
2415 3599 2593 3660 omitt.
2632 3600 2697 3656 G.

413 3659 597 3722 ἵκεςθε
634 3666 793 3722 Cant.
827 3667 1038 3721 ἵκεςθαι
1073 3665 1128 3732 S,
1167 3665 1319 3735 quod
1355 3665 1592 3735 perinde
1630 3667 1730 3720 est.
1766 3666 1879 3722 ἐςτί
1914 3665 1980 3721 D.

545 3803 612 3856 A.
652 3811 730 3857 c.‘
770 3808 866 3856 441
913 3804 1102 3857 οὕτως
1144 3802 1180 3856 ἀ
1217 3802 1469 3870 ίςταρχος
1499 3797 1760 3868 ’βωμοῖςι
1816 3803 1879 3856 ἐν
1914 3808 2033 3857 τοῖς
2069 3805 2352 3868 διογένους
2390 3804 2698 3870 ἀμβώνεςςι
2772 3821 2777 3828 ·

411 3861 755 3937 Di'dymus.
794 3868 989 3938 Chrysi
1032 3886 1138 3938 pus
1210 3873 1504 3936 μβιυμοῑςι,
1541 3871 1718 3938 ὑφέν,
1755 3869 2106 3923 Aristarchus
2141 3873 2215 3937 ἂμ
2253 3874 2506 3937 βωμοῑςι,
2554 3873 2699 3927 conf.

414 3937 594 3992 Cram.
629 3939 734 3991 An.
774 3936 901 3990 Par.
939 3937 962 3990 Ι
1022 3978 1035 4002 ,
1070 3941 1121 4002 8,
1158 3943 1240 3994 22.
1290 3937 1378 3991 Et.
1413 3936 1513 4008 Mg
1568 3942 1652 4002 31,
1694 3943 1772 3991 15.
1822 3937 1891 3991 Η.
1924 3937 1992 3994 Τ.
2037 3943 2145 3993 189.
2184 3968 2247 3978 --
2290 3944 2391 3992 448
2427 3940 2531 4005 μέν
2565 3944 2698 4009 θηνε

410 4007 526 4060 ἔςτι
559 4007 621 4060 δὲ
645 4007 736 4060 καὶ
773 4005 1024 4073 ἑτεροίας
1049 4005 1323 4061 ἑκδόςεως
1346 4022 1500 4073 γραφ
1563 4007 1947 4061 ὑποδὺςκολος
1979 4008 2104 4059 καθ’
2127 4006 2494 4074 Ἡρακλείδην
2528 4011 2698 4077 αὕτη·

410 4074 480 4128 οὐ
519 4074 723 4137 μέντον
758 4074 1008 4137 κάμετόν
1041 4089 1133 4140 γε,
1180 4074 1308 4127 ἀντὶ
1342 4079 1448 4128 τοῦ
1486 4090 1518 4126 ο
1594 4074 1785 4138 μέντοι
1821 4073 1973 4127 Eunt.
2009 4079 2125 4139 722,
2160 4079 2242 4131 58.
2291 4073 2472 4129 ίςτέον
2506 4078 2595 4131 δτι
2630 4079 2699 4132 τὸ

411 4142 516 4206 ,,οὐ
553 4143 654 4205 μὲν
689 4144 797 4209 θὴν
843 4141 1091 4205 κάμετόν
1134 4145 1234 4206 γε“
1274 4142 1379 4206 ,,οὐ
1427 4143 1531 4205 μέν
1576 4143 1718 4195 τον“
1767 4139 2041 4208 γράφουςί
2074 4157 2224 4197 τινες
2261 4139 2615 4209 Ἀργολικῶς
2635 4162 2699 4200 τε

411 4210 503 4263 καί
541 4210 829 4277 Κρητικῶς
876 4207 1058 4265 Cram.
1100 4208 1210 4263 An.
1257 4208 1383 4262 Par.
1420 4207 1527 4273 111,
1563 4214 1648 4274 42,
1688 4214 1770 4262 17.
1819 4207 1963 4263 conf.
1998 4207 2152 4262 Eust.
2193 4215 2338 4275 1726,
2377 4215 2457 4269 26.
2495 4211 2697 4271 Osann.

409 4275 637 4342 Quaest.
673 4275 837 4330 Hom.
876 4275 972 4343 IV,
1011 4283 1092 4331 20.
1129 4279 1402 4341 κάμετόνε
1442 4277 1692 4344 καμέτην
1728 4275 2060 4330 Zenodotus.
2099 4306 2164 4316 --
2209 4283 2309 4332 449
2342 4284 2549 4334 τοῖςινε
2587 4282 2699 4350 ἀρί-

409 4360 646 4413 ςταρχος
679 4350 841 4400 τοῖον
875 4346 1079 4412 κότον,
1117 4347 1209 4400 καὶ
1245 4347 1356 4413 ἔχει
1390 4347 1516 4401 τινὰ
1551 4346 1792 4414 ἔμφαςιν
1828 4342 2175 4412 Didymus.
