3144 5006
1269 433 1611 487 ΙΛΙΑΔΟ(
1677 431 1821 486 XIV.
2608 434 2692 498 53

571 587 945 671 [Παςιθέην,
992 587 1068 667 ἧς
1112 586 1248 652 αἰὲν
1295 587 1539 652 ἐέλδεαι
1584 585 1791 667 ἤματα
1833 586 2093 671 πάντα]

402 694 528 753 270
741 690 832 755 ὣς
863 691 1064 773 φάτο,
1112 690 1357 769 χήρατο
1388 690 1444 754 δ’
1475 688 1714 772 ὕπνος,
1760 689 2182 771 ἀμειβόμενος
2230 691 2301 754 δὲ
2334 691 2689 770 προςηύδα·

569 789 749 870 ἄγρει
793 797 913 858 νῦν
958 812 1065 870 μοι
1109 791 1388 873 ὄμοςςον
1433 791 1680 857 ἀάατον
1727 791 1966 868 (τυγὸς
2010 792 2216 871 ὕδωρ·

569 896 730 973 χειρὶ
774 897 845 960 δὲ
888 900 962 979 τῇ
1009 894 1191 978 ἑτέρῃ
1237 895 1353 973 μὲν
1399 893 1504 958 ἕλε
1549 893 1754 974 χθόνα
1798 893 2339 977 πουλυβότειραν,

567 1002 643 1080 τῇ
690 997 748 1061 δ’
790 996 973 1081 ἑτέρῃ
1016 995 1141 1059 ἅλα
1184 995 1583 1077 μαρμαρέην,
1627 995 1737 1061 ἵνα
1781 998 1938 1061 νῶιν
1983 993 2261 1061 ἅπαντες

577 1096 888 1178 μάρτυροι
935 1096 1046 1163 ὦς’
1091 1097 1154 1162 οἱ
1198 1097 1417 1176 ἔνερθε
1463 1097 1599 1163 θεοὶ
1649 1097 1896 1176 Κρόνον
1941 1095 2141 1177 ἀμφὶς
2185 1097 2436 1181 ἐόντες,

397 1204 520 1261 275
566 1198 604 1278 ἦ
649 1201 765 1276 μὲν
810 1200 951 1281 ἐμοὶ
995 1201 1223 1265 δώςειν
1269 1199 1551 1279 χαρίτων
1597 1199 1743 1280 μίαν
1790 1196 2250 1278 ὁπλοτεράων,

567 1301 922 1387 Παςιθὲην,
967 1301 1044 1382 ἧς
1088 1301 1141 1366 τ’
1186 1301 1383 1367 αὐτὸς
1427 1302 1724 1380 ἐέλδομαι
1768 1301 1975 1381 ἤματα
2019 1301 2248 1367 πάντα.

744 1403 834 1468 ὣς
879 1404 1085 1489 ἔφατ’,
1131 1404 1272 1469 οὐδ’
1315 1404 1574 1484 ἀπίθηςε
1620 1403 1737 1468 θεὰ
1782 1405 2184 1470 λευκώλενος
2225 1404 2426 1483 Ἥρη,

570 1504 785 1585 ὤμνυε
831 1507 888 1571 δ’
932 1508 1022 1572 ὡς
1067 1507 1350 1589 ἐκέλευε,
1396 1506 1586 1571 θεοὺς
1630 1505 1685 1570 δ’
1731 1505 2050 1584 ὀνόμηνεν
2096 1505 2385 1572 ἅπαντας

566 1607 720 1673 τοὺς
765 1608 1307 1692 ὑποταρταρίους,
1354 1608 1420 1672 οἳ
1462 1608 1723 1686 Τιτῆνες
1768 1606 2121 1672 καλέονται.

397 1712 521 1771 280
564 1707 768 1788 αὐτὰρ
812 1709 950 1775 ἐπεί
994 1710 1051 1789 ῤ’
1095 1708 1331 1791 ὄμοςέν
1374 1729 1443 1774 τε
1487 1710 1862 1787 τελεύτηςέν
1906 1731 1975 1774 τε
2018 1711 2135 1777 τὸν
2179 1710 2410 1794 ὅρκον,

568 1811 659 1874 τὼ
707 1812 902 1891 βήτην
948 1812 1205 1892 Λήμνου
1248 1831 1317 1876 τε
1361 1812 1466 1876 καὶ
1506 1811 1765 1891 Ἴμβρου
1811 1811 1966 1876 ἄςτυ
2012 1812 2305 1896 λιπόντε,

567 1909 726 1991 ἠέρα
769 1912 1119 1996 ἑςςαμένω,
1167 1911 1367 1995 ῥίμφα
1411 1913 1765 1992 πρήςςοντε
1808 1913 2136 1979 κέλευθον.

561 2013 731 2092 Ἴδην
775 2014 833 2079 δ’
876 2013 1125 2094 ἱκέςθην
1169 2015 1612 2098 πολυπίδακα,
1657 2015 1895 2094 μητέρα
1939 2019 2187 2098 θηρῶν,

563 2116 826 2200 Λεκτόν,
878 2115 978 2181 ὅθι
1024 2123 1285 2196 πρῶτον
1333 2118 1595 2197 λιπέτην
1639 2116 1792 2182 ἅλα·
1840 2118 1931 2181 τὼ
1978 2118 2034 2181 δ’
2077 2117 2185 2183 ἐπὶ
2227 2118 2460 2198 χέρςου

391 2220 519 2281 285
567 2218 796 2302 βήτην,
842 2218 1162 2299 ἀκροτάτη
1207 2221 1280 2285 δὲ
1324 2224 1552 2285 ποδῶν
1599 2218 1727 2283 ὕπο
1775 2218 1977 2284 ςείετο
2022 2218 2159 2299 ὕλη.

415 2339 424 2348 ·
560 2319 690 2389 ἔνθ’
734 2319 941 2386 ὕπνος
986 2321 1101 2401 μὲν
1146 2320 1352 2400 ἔμεινε
1397 2321 1605 2401 πάρος
1649 2320 1812 2386 Διὸς
1857 2319 1999 2386 ὄςςε
2045 2320 2307 2404 ἰδέςθαι,

567 2419 654 2486 εἰς
702 2421 935 2515 ἐλάτην
982 2422 1223 2503 ἀναβὰς
1266 2423 1724 2507 περιμήκετον,
1770 2423 1809 2502 ἢ
1853 2422 1986 2488 τότ’
2029 2423 2101 2489 ἐν
2144 2424 2276 2509 Ἴδῃ

523 2592 591 2650 V.
628 2611 677 2645 1..
747 2597 847 2647 269
895 2592 1074 2647 omitt.
1123 2591 1215 2646 AC
1268 2592 1326 2646 in
1379 2594 1515 2646 text.
1563 2592 1613 2646 D
1668 2592 1726 2645 in
1772 2593 1910 2646 text.
1966 2591 2010 2645 L
2068 2591 2190 2660 Syr.
2235 2591 2376 2647 Ven.
2430 2592 2475 2646 B
2524 2592 2679 2648 Harl.

388 2660 537 2729 Lips.
597 2659 812 2714 Townl.
851 2658 1009 2718 Vrat.
1056 2663 1122 2714 A.
1178 2660 1350 2744 Mose.
1387 2666 1447 2714 22
1495 2660 1710 2714 habent
1746 2658 1786 2714 C
1834 2662 1893 2714 et
1926 2659 1974 2713 D
2010 2659 2069 2714 in
2104 2677 2282 2731 marg.
2331 2660 2473 2715 GHS
2519 2661 2679 2718 Cant.

390 2727 544 2786 Vrat.
591 2729 643 2787 b.
689 2727 816 2786 edd.
862 2730 996 2785 vett.
1045 2730 1138 2795 ἧςε
1195 2730 1269 2795 ἡν
1314 2729 1366 2787 S.
1421 2729 1541 2783 αἰὲν
1588 2729 1820 2795 ίμείρεαι
1866 2726 2013 2781 CGH
2059 2727 2217 2782 Cant.
2257 2728 2414 2783 Vrat.
2454 2729 2508 2785 b.
2551 2729 2676 2783 edd.

388 2797 518 2852 vett.
567 2826 632 2835 —
677 2802 778 2850 270
805 2797 1046 2918 &amaro
1082 2796 1190 2851 AC.
1228 2814 1270 2850 π
1307 2799 1517 2864 οςηθδα
1553 2795 1621 2849 D.
1660 2827 1724 2835 -—
1762 2800 1860 2849 271
1898 2801 2005 2849 νῦν
2040 2813 2157 2862 μοιι
2204 2797 2274 2863 δή
2313 2814 2405 2863 μοι
2438 2796 2527 2851 Et.
2561 2796 2675 2921 Mg.

390 2873 432 2925 1,
471 2870 552 2917 21.
590 2865 767 2919 ἄατον
924 2863 1080 2918 Vrat.
1119 2866 1184 2921 A.
1293 2881 1371 2920 or.
1407 2894 1472 2903 -
1509 2870 1609 2919 272
1646 2865 2091 2969 πουὲιέότειραν
2127 2865 2194 2917 A.
2231 2895 2296 2904 —
2333 2870 2433 2920 273
2468 2870 2579 2920 νῶϊ

385 2970 528 3020 νῶϊν
563 2966 791 3021 ἅπαντα
817 2965 973 3019 Vrat.
1013 2964 1066 3019 d.
1095 2996 1155 3004 --
1195 2970 1295 3020 274
1333 2949 1475 3025 ῶςί,
1514 2966 1570 3021 οἳ
1591 2968 1655 3019 A.
1695 2968 1829 3020 ῶςιν
1857 2967 2051 3033 ἔνερθε
2078 2967 2196 3020 θεοὶ
2233 2968 2267 3033 ἢ
2295 2968 2442 3021 ὅςςοι
2477 2967 2674 3033 ἔνερθε

385 3036 504 3088 θεοὶ
540 3032 695 3090 Eunt.
736 3039 857 3100 984,
895 3038 977 3091 55.
1015 3034 1151 3089 ῶςιν
1190 3035 1383 3101 ἔνερθε
1418 3033 1575 3093 Rom.
1616 3036 1824 3102 κρόνου
1862 3032 1917 3090 S.
1954 3064 2017 3074 ·—
2056 3039 2156 3088 276
2191 3036 2225 3099 ἢ
2265 3050 2369 3099 μεν
2403 3032 2470 3092 Ι).
2508 3037 2543 3102 ᾖ
2571 3036 2674 3100 μὲν

388 3101 450 3155 G.
505 3102 647 3169 ἠμὲν
683 3099 865 3155 Schol.
906 3103 949 3155 Α
994 3107 1076 3155 77.
1113 3102 1148 3168 ἦ
1187 3103 1288 3167 μὲν
1324 3102 1472 3171 Lips.
1522 3117 1795 3172 suprascr.
1844 3103 1970 3168 μὴν.
2028 3131 2091 3139 -
2146 3107 2247 3156 276
2301 3103 2572 3170 παςιθέην
2608 3104 2674 3161 A.

388 3202 689 3272 παςςιθέην
722 3202 871 3272 Lips.
910 3204 976 3271 ῆς
1014 3205 1068 3258 τ’
1102 3202 1354 3257 ACDGH
1390 3202 1508 3271 Syr.
1553 3210 1654 3272 τῆς
1694 3205 1745 3259 τ’
1785 3203 1845 3257 L.
1884 3203 1952 3271 ἦς
1988 3202 2049 3260 Ε.
2089 3204 2278 3270 ἤματα
2313 3176 2527 3261 DET'I-
2575 3210 2674 3260 277

385 3309 462 3362 ὼς
490 3307 552 3366 A.
580 3309 683 3362 Θεὰ
716 3311 1096 3363 λευκώλενοςε
1135 3297 1393 3364 ΒΟΩΠΙ(
1419 3287 1696 3363 ΠὸΤΝΙΑ
1726 3306 1849 3376 Syr.
1879 3337 1939 3346 -
1969 3312 2068 3361 279
2092 3312 2314 3362 τιτᾶνες
2339 3306 2488 3376 Lips.
2516 3308 2672 3367 Vrass.

381 3374 448 3433 A.
487 3404 550 3414 —
588 3380 688 3430 280
725 3377 960 3441 ὄμοςςέν
995 3375 1060 3434 D.
1099 3406 1161 3415 -
1201 3382 1294 3431 281
1335 3378 1554 3443 λῆμνον
1587 3393 1652 3431 τε
1689 3378 1781 3430 καὶ
1816 3376 2015 3443 ῖμβρον
2051 3374 2106 3429 S.
2141 3377 2407 3431 λιπόντες
2441 3375 2671 3432 Barocc.

387 3472 449 3482 -
483 3448 582 3497 282
619 3445 757 3510 ἀέρα
792 3446 843 3497 δ’
879 3443 1035 3498 Harl.
1076 3475 1140 3483 —
1179 3449 1277 3498 283
1314 3445 1564 3512 ίκέςθην;
1602 3445 1804 3499 ἵκανον
1839 3442 2003 3497 Vrat.
2033 3443 2085 3497 d.
2125 3442 2328 3498 Sssrabo
2365 3443 2514 3511 XIII,
2554 3452 2671 3505 543.

384 3575 445 3584 —-
483 3551 582 3600 284
619 3526 894 3602 ΛέΚΤΟΝ
934 3544 971 3601 S
1013 3565 1053 3604 r.
1102 3548 1192 3602 ἐπι
1228 3548 1293 3601 A.
1345 3578 1400 3586 -
1451 3552 1551 3601 285
1588 3546 1881 3602 ὑπεςείετο
1928 3544 2310 3601 ACDEGHLS
2359 3545 2480 3616 Syr.
2519 3547 2669 3617 Lips.

379 3611 550 3668 Mose.
588 3619 636 3673 2.
663 3613 822 3669 Vrat.
846 3615 899 3668 d.
988 3632 1065 3669 or.
1103 3615 1262 3673 Rom.
1286 3616 1422 3684 mn:
1458 3631 1543 3683 γρ.
1569 3616 1660 3683 ἴδη
1696 3613 1846 3683 Lips.
1886 3646 1949 3653 —
1988 3619 2087 3670 286
2123 3615 2304 3670 ὕπνος
2331 3615 2451 3670 αἰὲν
2485 3618 2669 3682 ἔμεινε

378 3748 446 3870 JK.
484 3698 669 3873 {⁸²35
692 3750 772 3870 ἓ.
811 3751 990 3818 πάρος
1019 3750 1185 3821 [διὸς]
1225 3751 1388 3805 ᾶςςον
1415 3750 1623 3806 ἱκὲςθαι
1660 3749 1817 3806 Οωιή.
1844 3748 2003 3804 Vrat.
2028 3750 2094 3804 A.
2132 3781 2200 3790 —-
2236 3756 2335 3805 287
2374 3750 2668 3821 εἰςελάτην

433 3858 445 3870 .
513 3836 547 3871 ν
601 3836 656 3887 ηι
747 3863 758 3876 .

513 3971 583 4027 Α.
621 3988 668 4024 ο.
740 3976 842 4026 274
877 3971 1232 4026 Aristarchus
1268 3974 1563 4043 μάρτυροιτ
1605 3975 1883 4041 μάρτυρες
1917 3969 2252 4051 Ζοηοὲὶ-οίῐιιε,
2292 3971 2438 4031 conf.
2480 3975 2514 4027 Γ
2549 3979 2665 4029 280.

380 4085 443 4094 -
481 4060 581 4109 276
619 4056 686 4122 ἦς
723 4057 802 4110 τέ
838 4057 1145 4124 ζηνὸδοτος
1182 4059 1272 4111 καὶ
1318 4058 1507 4126 ἀριςτο
1558 4059 1697 4125 ἀνης
1741 4057 1851 4112 ἔξω
1889 4059 1994 4110 τοθ
2029 4072 2123 4121 τε,
2169 4056 2237 4123 ἧς
2273 4058 2445 4111 αὐτὸς
2482 4058 2664 4112 ἐέλδο-

376 4139 472 4189 μαι
505 4121 855 4192 Didymue.
895 4155 956 4163 -
994 4130 1092 4179 279
1129 4126 1192 4179 ἑν
1228 4127 1289 4179 δὲ
1323 4132 1407 4192 τῷ
1457 4075 1554 4193 ,ὅ
1587 4127 1826 4192 Τιτῆνες
1863 4125 2196 4179 καλέονται“
2243 4125 2664 4191 προςγράφουςί

373 4208 524 4246 τινες
586 4193 678 4262 καὶ
733 4194 931 4259 ἕτερον
984 4193 1172 4259 ςτίχον
1223 4198 1434 4248 τοῦτον
1494 4194 1722 4260 „dumne
1775 4194 1824 4245 δ’
1886 4193 1949 4247 ἐκ
2003 4191 2214 4259 πέτρης
2261 4194 2662 4260 κατειβόμενον

373 4256 616 4380 gorrige
644 4260 1117 4326 καταλειβόμενον
1142 4260 1236 4315 vel
1259 4260 1411 4330 quod
1475 4261 1695 4315 raefero
1721 4261 2180 4327 καταειβόμενον)
2219 4260 2432 4326 (τυγὸς
2468 4262 2662 4330 ὕδωρ“

421 4327 532 4381 unt.
571 4332 690 4391 985,
729 4333 811 4382 33.
847 4357 914 4367 —
950 4330 1108 4384 285⁴&
1146 4329 1268 4385 ίςτα
1306 4346 1403 4408 >goe
1434 4278 1554 4385 gno
1581 4328 1704 4400 (sic)
1744 4330 1869 4386 εἶτα
1905 4327 2086 4385 ςείετο
2124 4327 2324 4396 ἰακῶς,
2362 4330 2547 4386 οὕτως
2571 4334 2662 4388 καὶ

373 4395 692 4463 ζηνόδοτος
728 4398 819 4450 καὶ
856 4396 1089 4465 ἀριςτοφ
1128 4414 1230 4467 νης
1326 4396 1609 4468 ldymus.
