3144 5006
491 387 618 454 302
1305 411 1314 416 -
1418 390 1746 445 ιΛιΑΔος
1782 391 1845 444 Λ.

665 542 737 608 ἐν
781 543 968 625 νέφεϊ
1013 544 1251 623 ςτήριξε
1269 593 1288 627 ,
1332 544 1519 624 τέρας
1563 544 1868 625 μερόπων
1914 535 2302 624 ἀνθρώπων.

663 643 828 767 ἀμφὶ
871 646 929 709 δ’
972 644 1074 724 ἄρ’
1118 644 1382 725 ὤμοιςιν
1428 646 1656 727 βάλετο
1700 645 1915 727 ξίφος·
1962 645 2033 711 ἐν
2079 647 2151 712 δέ
2197 647 2258 713 οἱ
2302 645 2450 726 ἧλοι

540 752 622 810 30
664 745 943 826 χρύςειοι
987 746 1389 829 πάμφαινον,
1434 745 1598 826 ἀτὰρ
1642 747 1789 827 περὶ
1832 748 2107 814 κουλεὸν
2151 748 2266 829 ἦεν

664 847 1018 932 ἀργύρεον,
1063 849 1414 941 χρυςέοιςιν
1457 846 1868 928 ἀορτήρεςςιν
1913 848 2168 930 ἀρηρός.

666 949 748 1015 ἂν
791 950 848 1014 δ’
892 949 1054 1013 ἕλετ’
1097 928 1499 1031 ἀμφιβρότην
1543 950 2026 1018 πολυδαίδαλον
2072 950 2307 1018 ἀςπίδα
2351 925 2596 1037 θοῦριν,

661 1053 884 1134 καλήν,
928 1052 1008 1129 ἢν
1050 1052 1195 1131 πέρι
1239 1053 1354 1129 μὲν
1399 1051 1618 1117 κύκλοι
1662 1052 1816 1117 δέκα
1858 1052 2120 1131 χάλκεοι
2164 1053 2343 1138 ἦςαν,

663 1153 734 1217 ἐν
779 1153 852 1217 δέ
897 1150 960 1217 οἱ
1004 1150 1290 1233 ὀμφαλοὶ
1331 1152 1492 1231 ἦςαν
1537 1153 1765 1219 ἐείκοςι
1811 1155 2202 1234 καςςιτέροιο

536 1260 615 1317 35
661 1253 906 1337 λευκοί,
951 1254 1022 1319 ἐν
1068 1254 1138 1319 δὲ
1183 1254 1459 1336 μέςοιςιν
1505 1254 1620 1335 ἔην
1665 1255 1943 1335 μέλανος
1987 1256 2273 1322 κυάνοιο.

659 1362 738 1441 τῇ
780 1356 838 1421 δ’
881 1355 987 1420 ἐπὶ
1030 1356 1144 1436 μὲν
1192 1356 1410 1435 Γοργὼ
1458 1358 1858 1436 βλοςυρῶπις
1902 1357 2316 1439 ἐςτεφάνωτο

662 1458 880 1523 δεινὸν
926 1457 1314 1541 δερκομένη,
1351 1458 1502 1537 περὶ
1542 1459 1615 1523 δὲ
1660 1458 1905 1538 Δεῖμός
1948 1479 2016 1524 τε
2061 1458 2276 1541 Φόβος
2320 1481 2407 1526 τε.

659 1564 771 1639 τῆς
814 1559 872 1623 δ’
915 1560 980 1625 ἐξ
1024 1558 1341 1639 ἀργύρεος
1382 1560 1683 1641 τελαμὼν
1724 1558 1833 1639 ἦν·
1876 1559 2081 1640 αὐτὰρ
2125 1561 2225 1626 ἐπ’
2269 1562 2471 1628 αὐτοῦ

660 1660 931 1726 κυάνεος
976 1660 1260 1726 ἐλέλικτο
1303 1660 1585 1741 δράκων,
1631 1662 1907 1742 κεφαλαὶ
1949 1663 2023 1726 δέ
2066 1662 2133 1728 οἱ
2172 1661 2329 1742 ἦςαν

533 1768 618 1828 40
658 1765 826 1843 τρεῖς
871 1762 1372 1846 ἀμφιςτρεφέες,
1417 1762 1566 1828 ἑνὸς
1611 1762 1889 1842 αὐχένος
1932 1763 2335 1845 ἐκπεφυυῖαι.

660 1866 840 1946 κρατὶ
882 1866 939 1929 δ’
982 1865 1084 1931 ἐπ’
1128 1864 1510 1947 ἀμφίφαλον
1555 1865 1789 1945 κυνέην
1833 1865 1983 1930 θέτο
2028 1867 2521 1948 τετραφάληρον

656 1967 995 2047 ἵππουριν·
1042 1968 1260 2033 δεινὸν
1304 1968 1377 2032 δὲ
1422 1966 1633 2047 λόφος
1677 1966 2073 2048 καθύπερθεν
2117 1967 2357 2034 ἔνευεν.

659 2068 868 2134 εἵλετο
914 2069 972 2133 δ’
1015 2067 1244 2148 ἄλκιμα
1287 2071 1482 2148 δοῦρε
1526 2069 1694 2151 δύω,
1739 2068 2169 2147 κεκορυθμένα
2212 2071 2448 2153 χαλκῷ,

643 2170 842 2237 ’ὀξέα·
889 2170 1040 2249 τῆλε
1085 2171 1158 2235 δὲ
1201 2169 1438 2249 χαλκὸς
1482 2167 1595 2234 ἀπ’
1638 2169 1914 2249 αὐτόφιν
1961 2169 2248 2248 οὐρανὸν
2293 2170 2442 2236 εἴςω

532 2279 611 2337 45
658 2271 881 2353 λάμπ’·
927 2272 1029 2337 ἐπὶ
1073 2271 1130 2335 δ’
1172 2269 1577 2350 ἐγδούπηςαν
1623 2269 1913 2350 Ἀθηναίη
1955 2291 2025 2335 τε
2071 2273 2173 2335 καὶ
2214 2273 2402 2356 Ἥρη,

655 2379 914 2454 τιμῶςαι
960 2374 1222 2453 βαςιλῆα
1266 2370 1702 2450 πολυχρύςοιο
1749 2373 2065 2453 Μυκήνης.

825 2474 1069 2560 ἡνιόχῳ
1113 2476 1229 2554 μὲν
1273 2473 1492 2539 ἔπειτα
1535 2472 1624 2558 ἑῷ
1670 2473 2010 2541 ἐπέτελλεν
2055 2474 2314 2541 ἕκαςτος

655 2577 896 2641 ἵππους
941 2575 1014 2642 εὖ
1057 2577 1217 2642 κατὰ
1262 2576 1497 2657 κόςμον
1543 2576 1844 2658 ἐρυκέμεν
1888 2576 2030 2642 αὖθ’
2073 2578 2180 2643 ἐπὶ
2222 2578 2474 2663 τάφρῳ,

659 2678 845 2745 αὐτοὶ
888 2678 961 2743 δὲ
1005 2679 1276 2758 πρυλέες
1320 2679 1433 2745 ςύν
1476 2678 1721 2759 τεύχεςι
1765 2679 2198 2759 θωρηχθέντες

536 2789 620 2847 50
665 2781 935 2860 ῥώοντ’·
982 2779 1279 2862 ἄςβεςτος
1323 2781 1395 2844 δὲ
1442 2781 1560 2862 βοὴ
1605 2780 1810 2857 γένετ’
1852 2781 2016 2860 ἠῶθι
2059 2781 2208 2860 πρό.

626 3052 692 3106 V.
729 3072 781 3108 1..
840 3056 905 3105 28
943 3052 1051 3117 νέφ
1054 3066 1129 3105 εςι
1164 3048 1324 3103 Vrat.
1360 3049 1413 3106 b.
1461 3048 1645 3105 Schol.
1685 3052 1718 3106 Γ
1760 3057 1870 3104 121.
1915 3052 2168 3119 ςτήριξεν
2202 3050 2269 3104 D.
2315 3082 2381 3091 —
2427 3057 2494 3106 29
2528 2960 2764 3172 Augu
2705 3051 2771 3106 D.

488 3123 558 3189 ἂρ
596 3119 753 3174 DG1.
792 3121 861 3187 ἀρ
898 3122 963 3172 A.
991 3120 1192 3240 ὤὸιοιςι
1228 3116 1295 3171 D.
1333 3118 1459 3183 ἧλοι
1494 3117 1553 3171 L.
1592 3121 1719 3185 ἣλοι
1754 3118 1819 3171 A.
1856 3148 1913 3157 —
1957 3124 2023 3172 30
2057 3122 2279 3185 χρύςεοι
2307 3119 2372 3172 D.
2408 3120 2587 3187 αὐτὰρ

489 3195 553 3243 32
589 3189 659 3242 ἀν
696 3187 815 3240 DH.
829 3137 919 3241 ρὲν
954 3188 1005 3239 δ’
1083 3183 1126 3237 L
1178 3201 1266 3252 γρ.
1301 3186 1371 3238 ἀν
1408 3183 1448 3239 C
1485 3202 1633 3238 man.
1669 3201 1779 3243 rec.
1815 3186 2228 3241 πολυδαίδαλον
2264 3188 2331 3243 A.
2366 3188 2581 3257 θούρην
2615 3188 2679 3240 G.
2706 3216 2771 3225 -—

487 3296 553 3343 33
590 3305 698 3355 περ
702 3286 964 3343 ὶὊΒΗΙι.
1015 3317 1079 3327 -
1125 3292 1191 3341 35
1228 3289 1290 3340 ἓν
1325 3287 1390 3338 A.
1431 3288 1496 3354 ἐη
1500 3304 1560 3339 v:
1598 3288 1673 3354 ἦν
1709 3286 1813 3341 CL.
1959 3297 2025 3341 36
2061 3288 2154 3341 ἐπι
2191 3286 2256 3340 D.
2296 3291 2491 3353 βλοςςυ
2528 3293 2672 3343 ῶπῖς
2710 3288 2771 3344 C.

487 3357 876 3421 ἐςτεφάνωται
911 3353 1091 3409 Schol.
1125 3356 1169 3409 Λ
1203 3361 1285 3411 40.
1319 3384 1390 3392 -
1424 3360 1490 3408 38
1523 3357 1600 3421 ἐξ,
1636 3371 1749 3408 non
1786 3357 1864 3410 ἒξ’
1896 3355 2041 3410 libri.
2077 3357 2407 3423 ἐξαργύρεος
2444 3355 2485 3409 C
2540 3357 2769 3411 ,αὐτοῦ

485 3422 640 3478 ADG
676 3423 816 3478 Mor.
856 3423 1082 3479 Barocc.
1119 3425 1280 3490 αὐτῷ
1317 3419 1460 3475 CEH
1497 3440 1566 3476 ex
1602 3439 1741 3478 corr.
1778 3422 1815 3477 S
1851 3423 1939 3478 Et.
1974 3422 2088 3492 Mg.
2127 3430 2227 3478 328
2279 3431 2361 3481 35.
2397 3425 2592 3477 αὐτῶν
2628 3422 2685 3476 L.
2705 3454 2771 3463 -

484 3498 552 3547 40
596 3492 974 3558 ἀμφιςτεφέες
1011 3489 1214 3549 CDHS.
1262 3492 1640 3557 ἀμφιςτεφέες
1687 3440 2176 3614 ‘lbfivfffflf’fi‘pssc
2220 3463 2265 3543 L*
2310 3496 2664 3555 829‚10.--
2702 3498 2768 3545 42

487 3561 612 3615 καθ’
648 3562 895 3627 ὕπερθεν
928 3557 1086 3618 Vrat
1124 3558 1177 3611 b.
1219 3589 1275 3598 —
1315 3562 1382 3611 43
1418 3560 1593 3628 δοῦρα
1629 3558 1674 3612 Ε
1883 3561 1987 3612 rat.
2023 3560 2073 3611 A
2129 3589 2193 3597 -—
2230 3565 2297 3612 44
2331 3532 2435 3613 ἀπ’
2475 3559 2674 3613 αὐτόθι
2710 3559 2770 3612 L.

487 3692 555 3702 -
599 3667 665 3716 45
708 3661 801 3716 ἐπι
844 3659 911 3714 D.
954 3662 1005 3714 δ’
1049 3660 1259 3726 ἐγδούπ
1303 3641 1403 3717 ςάν
1447 3660 1618 3715 Α.δέ
1659 3662 1842 3726 γδούπ
1883 3678 1984 3715 ςαν
2029 3658 2147 3713 DG.
2191 3661 2243 3714 δ’
2286 3661 2638 3727 ἐκδούπηςαν
2682 3659 2769 3714 CL

487 3729 643 3788 Vrat.
681 3733 745 3784 A.
790 3731 841 3784 δ’
875 3730 1086 3783 ἐνδούπ
1128 3744 1229 3782 ςαν
1263 3678 1416 3785 gal-‚l
1460 3758 1521 3768 --
1568 3732 1635 3782 48
1673 3746 1816 3783 κατα
1845 3679 1919 3782 D.
1954 3729 2082 3782 αὖτ’
2114 3729 2205 3782 ἐπι
2243 3728 2307 3781 A.
2348 3728 2572 3794 τάφρον
2607 3725 2663 3780 L.
2702 3758 2768 3767 —

484 3805 551 3853 49
588 3814 687 3854 ςυν
723 3801 788 3852 A.
822 3798 1070 3864 τεύχεςςι

622 4054 687 4107 A.
723 4070 771 4106 c.
824 4058 892 4107 28
926 4052 1113 4106 οὕτως
1151 4052 1321 4107 ίακῶς
1357 4055 1426 4107 τὸ
1463 4054 1682 4120 ςτήριξε
1705 4051 2058 4120 Didymus,
2096 4051 2233 4104 alii
2279 4050 2392 4104 itur
2424 4052 2585 4118 νέφει
2609 4053 2767 4119 ἑςτή-

485 4124 616 4189 ριξε.
654 4149 717 4161 -
752 4127 836 4184 33,
875 4126 942 4173 34
976 4120 1325 4174 scribebatur
1359 4122 1561 4188 πέρι..
1633 4122 1825 4187 ,ἦςαν
1860 4122 1920 4173 etz
1962 4122 2129 4187 περὶ.
2200 4068 2379 4187 ,ιῇων
2412 4121 2557 4174 fieste
2593 4119 2767 4173 Hero-

486 4188 670 4241 diano.
707 4219 770 4228 —
808 4193 872 4242 36
908 4188 1003 4242 ἐπὶ
1041 4186 1407 4242 Herodianus.
1446 4218 1515 4228 ——
1549 4162 1620 4244 38
1651 4189 1855 4243 αὐτοῦ.
1894 4189 2082 4242 οὕτως
2127 4188 2500 4256 Ἀρίςταρχος.
2556 4189 2769 4256 γράφε-

483 4272 575 4309 ται
611 4258 673 4309 δὲ
708 4257 796 4309 καὶ
832 4256 924 4309 ἐπ’
959 4257 1120 4322 αὐτῷ
1158 4254 1504 4324 Didymus.
1547 4286 1606 4294 —
1644 4262 1711 4309 40
1745 4256 1934 4311 οὕτως
1969 4256 2027 4310 αἱ
2064 4257 2422 4323 Ἀριςτάρχου
2459 4258 2559 4310 ςὺν
2594 4261 2679 4325 τῷ
2723 4273 2756 4324 ρ

485 4322 898 4389 ἀμφιςτρέφεες
935 4321 1063 4374 D1d
1075 4339 1279 4390 ymno
1319 4353 1382 4362 —-
1418 4330 1485 4377 45
1521 4325 1873 4391 ἐγδούπηςαν
1909 4321 2276 4376 Aristarchus.
