3144 5006
510 402 627 466 122
1073 408 1078 414 ’
1407 361 1743 459 ιΛίΑΔος
1800 401 1873 459 Π.

673 558 944 638 πέμπειν
991 580 1095 637 μιν
1140 557 1422 623 θάνατόν
1466 577 1535 622 τε
1581 557 1804 637 φέρειν
1852 557 1952 628 καὶ
1997 555 2286 644 νήδυμον
2333 555 2578 638 ὕπνον,

497 662 621 722 455
668 659 757 724 εἰς
803 657 840 723 ὃ
886 679 955 724 κε
1000 660 1078 738 δὴ
1123 658 1349 737 Λυκίη(
1395 657 1643 737 εὐρείης
1689 661 1895 736 δῆμον
1937 656 2229 735 ἵκωνται,

666 760 823 827 ἔνθά
868 760 899 826 ἑ
944 760 1320 840 ταρχύςουςι
1366 759 1729 839 καςίγνητοί
1772 779 1841 824 τε
1886 759 2022 824 ἔται
2066 780 2134 824 τε

663 863 880 947 τύμβῳ
924 883 994 929 τε
1041 864 1233 946 ςτήλῃ
1281 880 1381 925 τε·
1426 861 1501 926 τὸ
1545 862 1672 939 γὰρ
1715 861 1910 940 γέρας
1955 860 2078 926 ἑςτὶ
2123 862 2480 928 θανόντων.

846 966 935 1030 ὣς
979 964 1182 1045 ἔφατ’,
1230 963 1368 1028 οὐδ’
1413 960 1677 1042 ἀπίθηςε
1725 965 1932 1049 πατὴρ
1977 961 2238 1043 ἀνδρῶν
2281 985 2348 1028 τε
2395 967 2565 1028 θεῶν
2612 984 2715 1029 τε·

666 1067 1077 1149 αἱματοέςςας
1122 1069 1193 1131 δὲ
1239 1066 1476 1146 ψιάδας
1520 1066 1863 1145 κατέχευεν
1909 1064 2096 1144 ἔραζε

495 1174 621 1235 460
662 1174 861 1235 παῖδα
905 1169 1102 1252 φίλον
1144 1175 1378 1251 τιμῶν,
1421 1169 1537 1234 τόν
1584 1168 1647 1233 οἱ
1690 1167 2072 1247 Πάτροκλος
2117 1166 2339 1247 ἔμελλε

665 1274 914 1352 φθίςειν
960 1273 1031 1337 ἐν
1077 1270 1274 1355 Τροίῃ
1320 1270 1691 1351 ἐριβώλακι,
1737 1269 1960 1349 τηλόθι
2004 1270 2265 1350 πάτρης.

841 1374 907 1440 οἳ
953 1374 1009 1437 δ’
1054 1373 1162 1439 ὅτε
1207 1374 1285 1451 δὴ
1331 1371 1563 1452 ςχεδόν
1609 1372 1766 1451 ἦςαν
1812 1372 1912 1437 ἐπ’
1955 1372 2325 1452 ἀλλήλοιςιν
2372 1372 2610 1450 ἰόντες,

663 1475 795 1542 ἔνθ’
837 1475 876 1555 ἦ
923 1495 1021 1539 τοι
1068 1474 1454 1553 Πάτροκλος
1499 1474 1879 1550 ἀγακλειτὸν
1926 1474 2378 1553 Θραςύμηλον,

661 1577 735 1643 ὅς
779 1578 837 1657 ῥ’
881 1578 1000 1656 ἠὺς
1041 1577 1344 1656 θεράπων
1393 1575 1812 1655 (αρπηδόνος
1860 1575 1974 1655 ἦεν
2018 1576 2322 1653 ἄνακτος,

492 1686 615 1745 465
660 1681 777 1745 τὸν
823 1680 975 1760 βάλε
1019 1680 1305 1757 νείαιραν
1349 1679 1508 1744 κατὰ
1551 1678 1854 1760 γαςτέρα,
1903 1680 2046 1743 λῦςε
2093 1679 2164 1742 δὲ
2207 1680 2374 1754 γυῖα.

660 1783 1016 1862 (αρπηδὼν
1066 1781 1125 1848 δ’
1169 1780 1370 1846 αὐτοῦ
1415 1781 1529 1860 μὲν
1577 1779 1944 1860 ἀπήμβροτε
1988 1780 2175 1858 δουρὶ
2216 1788 2467 1865 φαεινῷ

658 1885 958 1964 δεύτερον
1004 1882 1328 1964 ὁρμηθείς,
1378 1883 1416 1947 ὃ
1463 1884 1535 1947 δὲ
1579 1882 1889 1961 Πήδαςον
1938 1882 2206 1947 οὔταςεν
2246 1881 2452 1948 ἵππον

655 1986 829 2064 ἔγχεϊ
874 1986 1086 2052 δεξιὸν
1131 1985 1343 2062 ὦμον·
1397 1984 1435 2049 ὃ
1481 1983 1539 2048 δ’
1582 1983 1813 2063 ἔβραχε
1858 1983 2062 2063 θυμὸν
2107 1982 2360 2049 ἀίςθων.

666 2090 784 2153 κὰδ
830 2088 887 2154 δ’
932 2087 1103 2153 ἔπες’
1146 2088 1217 2153 ἐν
1263 2086 1501 2171 κονίῃςι
1544 2087 1794 2166 μακών,
1842 2085 1973 2150 ἀπὸ
2019 2086 2079 2149 δ’
2123 2086 2361 2150 ἔπτατο
2406 2086 2623 2165 θυμός.

486 2195 612 2252 470
660 2191 754 2254 τὼ
803 2192 877 2254 δὲ
923 2190 1286 2267 διαςτήτην,
1333 2187 1500 2267 κρίκε
1547 2190 1619 2253 δὲ
1663 2187 1895 2271 ζυγόν,
1940 2187 2088 2267 ἡνία
2131 2188 2205 2252 δέ
2249 2209 2360 2269 ςφι

654 2291 929 2374 ςύγχυτ’,
978 2291 1117 2355 ἐπεὶ
1162 2291 1237 2368 δὴ
1284 2293 1454 2355 κεῖτο
1499 2290 1835 2370 παρήορος
1877 2289 1949 2355 ἐν
1993 2290 2256 2373 κονίῃςι.

654 2396 797 2458 τοῖο
843 2394 958 2472 μὲν
1001 2392 1388 2471 Αὐτομέδων
1435 2391 1618 2471 δουρὶ
1662 2391 1890 2457 κλυτὸς
1935 2390 2159 2472 εὕρετο
2203 2392 2477 2472 τέκμωρ·

655 2496 1087 2574 ςπαςςάμενος
1131 2494 1439 2573 τανύηκες
1482 2493 1606 2573 ἄορ
1652 2494 1896 2573 παχέος
1940 2493 2118 2573 παρὰ
2162 2498 2396 2574 μηροῦ,

654 2598 829 2664 ἀίξας
875 2597 1169 2677 ἀπέκοψε
1213 2596 1552 2676 παρήορον
1601 2596 1756 2661 οὐδὲ
1801 2595 2061 2676 μάτηςε·

618 2766 685 2821 V.
725 2787 775 2826 τ..
846 2772 947 2820 454
1009 2766 1259 2820 θάνατόν
1310 2781 1375 2828 γε
1427 2763 1479 2819 L.
1540 2794 1598 2803 -
1663 2769 1763 2817 455
1816 2764 1894 2819 είς
1955 2765 2053 2818 ὅκε
2109 2765 2182 2817 A:
2244 2763 2417 2835 vulgo
2470 2763 2666 2821 είςόκε.
2724 2764 2771 2817 D

481 2836 714 2891 εἰςόκεν.
773 2838 842 2902 δὴ
898 2834 1079 2887 omitt.
1133 2832 1188 2890 G.
1252 2835 1517 2887 ἵκωνταιε
1584 2833 1646 2886 ἐν
1703 2834 1860 2901 ἄλλῳ
1921 2832 2106 2887 ἵκοιτο
2161 2838 2225 2886 A.
2282 2864 2342 2872 —
2409 2837 2509 2886 456
2555 2834 2691 2886 ἔνθά
2746 2834 2773 2887 ἑ
2890 2841 2903 2855 ·

485 2902 797 2958 ACDGHL.
863 2903 1017 2968 ὄφρά
1076 2903 1102 2955 ἑ
1157 2900 1309 2957 Stob.
1361 2899 1549 2953 Floril.
1610 2906 1719 2964 123,
1769 2907 1814 2954 7.
1876 2901 2186 2967 ταρχύςωςι
2238 2900 2289 2952 H
2345 2900 2569 2954 Barocc.
2622 2900 2770 2968 Lips‚

481 2971 639 3028 Vrat.
687 2972 738 3031 b.
793 2971 848 3025 d.
897 2974 961 3029 A.
1009 2969 1301 3024 StobaeuS.
1350 2969 1686 3035 καςίγνητός
1723 2967 1788 3022 G.
1840 2997 1906 3007 —
1961 2974 2064 3024 458
2102 2971 2180 3023 ὡς
2227 2971 2292 3022 A.
2333 2999 2397 3007 —
2434 2975 2535 3022 460
2571 2971 2771 3033 ἔμελλε

480 3038 748 3094 ACDGH.
783 3069 849 3079 —
885 3044 980 3092 461
1020 3040 1101 3092 ἑνὶ
1137 3035 1198 3095 L.
1246 3066 1309 3075 —
1354 3042 1451 3090 462
1499 3036 1608 3091 οἵδ’
1643 3034 1852 3090 CGHL.
1903 3065 1964 3074 —
2011 3042 2111 3091 463
2155 3038 2476 3104 πάτροκλος
2523 3039 2627 3103 μὲν
2676 3036 2769 3091 CG

480 3106 619 3165 Ven.
657 3107 718 3162 B.
760 3109 1114 3176 θραςύμηλον
1160 3102 1343 3159 ACEL
1379 3103 1606 3158 Barocc.
1642 3103 1782 3158 Mor.
1831 3108 2186 3175 θραςύδημον
2234 3103 2378 3159 DHS
2424 3102 2572 3174 Lips.
2612 3104 2769 3159 Vrat..

478 3174 533 3228 b.
571 3174 624 3228 d.
668 3176 730 3229 ἐν
764 3177 921 3243 ἄλλῳ
960 3175 1313 3242 θραςύδημον
1349 3174 1411 3229 A.
1458 3174 1819 3240 θραςυμήδην
1864 3170 1913 3225 G
1950 3174 2115 3228 Cant.
2161 3203 2226 3213 -
2272 3179 2374 3227 464
2409 3173 2515 3238 ἦεν
2550 3176 2769 3241 ἄριςτος

478 3308 531 3364 S.
568 3339 634 3349 —
670 3315 767 3362 467
806 3312 1073 3377 δεύτερον
1110 3306 1274 3362 CDH.
1310 3270 1584 3376 δεύτεροέ
1597 3310 1660 3361 Α
1698 3308 1870 3378 vulgo
1907 3310 2189 3377 δεύτερος.
2228 3310 2259 3363 ὃ
2297 3310 2358 3364 δὲ
2383 3306 2440 3366 C.
2480 3338 2545 3348 -
2580 3313 2681 3363 468
2705 3309 2768 3363 δὲ

478 3378 598 3432 ξιὸν
624 3377 689 3432 G.
725 3378 757 3431 ὃ
784 3379 836 3432 δ’
868 3377 935 3430 D.
974 3380 1007 3431 ὅ
1032 3378 1083 3431 δ’
1118 3375 1272 3431 CGL.
1307 3376 1515 3431 ἀῐςςων
1548 3376 1784 3444 L1p8.—
1815 3382 1914 3430 469
1950 3380 2106 3432 καδδ’
2141 3375 2357 3434 ACDG.
2394 3377 2550 3431 κάδδ’
2585 3377 2765 3434 Cram.

477 3444 732 3514 Ep.'·218‚
769 3451 851 3500 24.
886 3452 1005 3511 253,
1045 3452 1103 3501 9:
1156 3449 1232 3498 18.
1269 3449 1384 3504 281,
1425 3450 1506 3500 17.
1556 3445 1844 3499 καδδέπες’
1877 3443 1994 3499 HL.
2043 3448 2196 3500 ἔπες’
2231 3447 2317 3499 ev:
2367 3447 2568 3499 ἔπεςεν
2605 3444 2764 3498 Vrat.

477 3513 531 3565 d.
573 3512 754 3567 Gram.
791 3512 892 3581 Ep.
939 3518 1056 3571 281.
1102 3517 1178 3565 17.
1221 3514 1386 3566 ἔπεςε
1422 3518 1540 3577 253,
1579 3519 1611 3566 9
1656 3514 1715 3565 et
1756 3518 1829 3567 18.
1879 3514 1993 3568 ἀπο
2040 3511 2251 3570 CDHL.
2312 3542 2371 3551 —
2429 3519 2532 3567 470
2565 3514 2763 3578 ζυγὸνε

476 3584 641 3646 Ζυγὸς
678 3580 834 3634 Vrat.
873 3583 935 3634 A.
982 3582 1152 3634 ξύλον
1197 3579 1377 3633 Cram.
1417 3578 1516 3648 Ep.
1553 3585 1674 3644 268,
1710 3586 1756 3632 7.
1807 3598 1832 3635 ς
1885 3598 1901 3634 ι
1951 3580 2239 3635 ACEGHL
2275 3582 2405 3649 post
2446 3597 2554 3638 ras,
2593 3579 2765 3649 vulgo

478 3666 623 3714 ςφιν.
679 3678 745 3688 -
797 3654 894 3703 471
936 3653 1222 3717 παρῄορος
1259 3646 1326 3703 Η.
1383 3648 1595 3714 κονίῃςι
1640 3646 1834 3701 ACDE
1859 3647 1960 3701 τΗ.
2018 3680 2077 3688 —-
2132 3656 2232 3703 472
2278 3651 2435 3716 δουρὶ
2471 3650 2679 3702 κλυτὸς
2714 3650 2764 3701 Α

478 3716 638 3770 Vrat.
678 3716 731 3773 b.
772 3717 852 3773 d.:
891 3716 1069 3771 ceteri
1104 3716 1486 3783 δουρικλυτὸς.
1524 3718 1586 3768 εὕ
1628 3732 1749 3770 ετοε
1797 3719 2001 3784 εὕρατο
2038 3715 2078 3770 G
2116 3714 2262 3785 Lips.
2324 3745 2375 3755 —
2423 3722 2524 3770 473
2560 3717 2763 3770 ςπαςά-

475 3801 645 3848 μενος
681 3783 722 3838 C
759 3785 917 3843 Vrat,
956 3788 1019 3838 A.
1065 3784 1342 3852 τανάηκες
1379 3781 1536 3836 Vrat.
1574 3733 1640 3841 K
1686 3814 1749 3822 —
1797 3790 1895 3837 474
1941 3788 2234 3853 παρῄορον
2271 3784 2338 3837 Η.
2382 3785 2517 3838 οὐδὲ
2555 3785 2765 3850 μάτηςε

475 3851 543 3907 D.
582 3854 714 3907 οὐδὲ
750 3854 995 3921 μάτηςεν
1032 3852 1086 3909 S.
1126 3853 1248 3906 οὐδ’
1284 3850 1521 3918 ἑμάτηςε
1559 3849 1776 3905 ACGH.
1816 3853 1937 3906 οὐδ’
1971 3853 2244 3921 ἐμάτηςεν
2282 3850 2386 3905 EL.

609 4005 671 4062 A.
709 4022 755 4059 ο.
827 4011 928 4060 454
964 4006 1214 4070 νήδυμον
1247 4003 1605 4057 Aristarchus
1643 4007 1783 4070 μετὰ
1828 4010 1932 4059 τοῦ
1968 4011 2018 4058 V.
2059 4035 2121 4044 —
2158 4010 2257 4059 467
2292 4006 2381 4059 διὰ
2417 4010 2521 4058 τοῦ
2560 4012 2593 4058 V
2628 4021 2760 4071 γρα-

474 4074 654 4127 πτέον
688 4075 757 4127 τὸ
782 4075 1051 4140 δεύτερον
1087 4072 1352 4192 ὁρμᾎθείς
1389 4070 1731 4140 Didymus,
1770 4073 1824 4127 οἱ
1863 4076 2349 4139 ὑπομνηματιςταὶ
2375 4073 2650 4141 δεύτερον
2673 4075 2763 4127 διὰ

477 4146 582 4195 τοῦ
617 4147 650 4191 ’ν
688 4140 872 4196 Schol.
896 4141 963 4194 V.
1003 4142 1065 4194 ἐν
1099 4146 1169 4208 τῇ
1252 4141 1521 4206 ιλήμονος
1557 4142 1744 4195 οὕτως
1781 4141 2021 4208 ἐφέρετο
2060 4143 2131 4207 ,,ὁ
2167 4143 2227 4195 δὲ
2249 4142 2518 4206 Πήδαςον
2554 4144 2764 4209 ἤλαςεν

470 4208 690 4262 ἵππον“
738 4207 1088 4276 Didymus·
1123 4209 1329 4275 γράφει
1379 4209 1729 4276 Ἀρίςταρχος
1778 4212 1853 4271 ,,ὁ
1890 4211 1951 4263 δὲ
1988 4210 2253 4274 Πήδαςον
2295 4209 2515 4273 ἀγλαὸν
2556 4210 2762 4277 ἵππον,

474 4277 578 4328 τόν
613 4276 684 4342 ῥά
720 4279 852 4330 ποτ’
891 4276 1193 4332 Ἠετίωνος
1233 4277 1385 4330 ἑλὼν
1422 4277 1590 4330 πόλιν
1624 4278 1791 4344 ἤγαγ’
1828 4278 2136 4345 Ἀχιλλεύς,
2173 4278 2236 4331 ὃς
2272 4280 2363 4331 καὶ
2398 4280 2607 4344 θνητὸς
2645 4278 2763 4333 ἐὼν

475 4342 634 4396 ἕπεθ’
666 4343 864 4398 ἵπποις
901 4344 1220 4398 ἀθανάτοιςι
1257 4345 1397 4410 (153,
1439 4346 1575 4412 154),
1614 4348 1721 4399 τὸν
1757 4346 1892 4410 βάλε
1927 4346 2109 4401 δεξιὸν
2146 4345 2350 4412 ῶμον“
2386 4343 2568 4400 Schol.
2605 4344 2674 4400 V.
