<?xml version="1.0" encoding="UTF-8"?>
<!DOCTYPE html PUBLIC "-//W3C//DTD XHTML 1.0 Transitional//EN"
    "http://www.w3.org/TR/xhtml1/DTD/xhtml1-transitional.dtd">
<html xmlns="http://www.w3.org/1999/xhtml" xml:lang="en" lang="en">
 <head>
  <title>
</title>
<meta http-equiv="Content-Type" content="text/html;charset=utf-8" />
  <meta name='ocr-system' content='tesseract 3.04.00' />
  <meta name='ocr-capabilities' content='ocr_page ocr_carea ocr_par ocr_line ocrx_word'/>
</head>
<body>
  <div class='ocr_page' id='page_1' title='image "./iliasadfidemlib00homegoog_0256.png"; bbox 0 0 3144 5006; ppageno 0'>
   <div class='ocr_carea' id='block_1_1' title="bbox 419 365 1773 437">
    <p class='ocr_par' dir='ltr' id='par_1_1' title="bbox 419 365 1773 437">
     <span class='ocr_line' id='line_1_1' title="bbox 419 365 1773 437; baseline -0.014 0"><span class='ocrx_word' id='word_1_1' title='bbox 419 372 546 437; x_wconf 80' lang='grc'>246</span> <span class='ocrx_word' id='word_1_2' title='bbox 1360 365 1691 422; x_wconf 78' lang='grc' dir='ltr'>ΙΛΙΑΔΟ(</span> <span class='ocrx_word' id='word_1_3' title='bbox 1741 368 1773 420; x_wconf 92' lang='grc' dir='ltr'>Ι.</span> 
     </span>
    </p>
   </div>
   <div class='ocr_carea' id='block_1_2' title="bbox 426 517 2490 2328">
    <p class='ocr_par' dir='ltr' id='par_1_2' title="bbox 591 517 2245 705">
     <span class='ocr_line' id='line_1_2' title="bbox 592 517 2151 607; baseline -0.006 -17"><span class='ocrx_word' id='word_1_4' title='bbox 592 524 923 607; x_wconf 82' lang='grc' dir='ltr'>εἰςελθών,</span> <span class='ocrx_word' id='word_1_5' title='bbox 969 523 1077 589; x_wconf 87' lang='grc' dir='ltr'>ὅτε</span> <span class='ocrx_word' id='word_1_6' title='bbox 1123 544 1232 589; x_wconf 90' lang='grc' dir='ltr'>κεν</span> <span class='ocrx_word' id='word_1_7' title='bbox 1276 522 1644 600; x_wconf 82' lang='grc' dir='ltr'>δατεώμεθα</span> <span class='ocrx_word' id='word_1_8' title='bbox 1688 518 1849 597; x_wconf 79' lang='grc' dir='ltr'>ληίδ’</span> <span class='ocrx_word' id='word_1_9' title='bbox 1892 517 2151 599; x_wconf 87' lang='grc' dir='ltr'>Ἀχαιοί,</span> 
     </span>
     <span class='ocr_line' id='line_1_3' title="bbox 591 620 2245 705; baseline -0.004 -14"><span class='ocrx_word' id='word_1_10' title='bbox 591 626 924 705; x_wconf 91' lang='grc' dir='ltr'>Τρωιάδας</span> <span class='ocrx_word' id='word_1_11' title='bbox 970 627 1041 690; x_wconf 81' lang='grc' dir='ltr'>δὲ</span> <span class='ocrx_word' id='word_1_12' title='bbox 1084 628 1391 701; x_wconf 89' lang='grc' dir='ltr'>γυναῖκας</span> <span class='ocrx_word' id='word_1_13' title='bbox 1435 623 1700 688; x_wconf 84' lang='grc' dir='ltr'>ἐείκοςιν</span> <span class='ocrx_word' id='word_1_14' title='bbox 1746 620 1942 686; x_wconf 86' lang='grc' dir='ltr'>αὐτὸς</span> <span class='ocrx_word' id='word_1_15' title='bbox 1989 620 2245 701; x_wconf 89' lang='grc' dir='ltr'>ἑλέςθω,</span> 
     </span>
    </p>

    <p class='ocr_par' dir='ltr' id='par_1_3' title="bbox 426 722 2490 1213">
     <span class='ocr_line' id='line_1_4' title="bbox 426 722 2187 806; baseline -0.003 -16"><span class='ocrx_word' id='word_1_16' title='bbox 426 734 549 793; x_wconf 90' lang='grc'>140</span> <span class='ocrx_word' id='word_1_17' title='bbox 591 728 659 793; x_wconf 85' lang='grc' dir='ltr'>αἵ</span> <span class='ocrx_word' id='word_1_18' title='bbox 701 749 769 793; x_wconf 89' lang='grc' dir='ltr'>κε</span> <span class='ocrx_word' id='word_1_19' title='bbox 813 728 946 806; x_wconf 84' lang='grc' dir='ltr'>μετ’</span> <span class='ocrx_word' id='word_1_20' title='bbox 991 727 1275 805; x_wconf 86' lang='grc' dir='ltr'>Ἀργείην</span> <span class='ocrx_word' id='word_1_21' title='bbox 1320 725 1576 802; x_wconf 83' lang='grc' dir='ltr'>Ἑλένην</span> <span class='ocrx_word' id='word_1_22' title='bbox 1621 722 1939 787; x_wconf 75' lang='grc' dir='ltr'>κάλλισται</span> <span class='ocrx_word' id='word_1_23' title='bbox 1983 722 2187 787; x_wconf 86' lang='grc' dir='ltr'>ἔωςιν.</span> 
     </span>
     <span class='ocr_line' id='line_1_5' title="bbox 596 822 2490 908; baseline -0.003 -13"><span class='ocrx_word' id='word_1_24' title='bbox 596 830 650 895; x_wconf 85' lang='grc' dir='ltr'>εἰ</span> <span class='ocrx_word' id='word_1_25' title='bbox 694 829 765 894; x_wconf 86' lang='grc' dir='ltr'>δέ</span> <span class='ocrx_word' id='word_1_26' title='bbox 809 850 918 895; x_wconf 90' lang='grc' dir='ltr'>κεν</span> <span class='ocrx_word' id='word_1_27' title='bbox 960 829 1197 908; x_wconf 65' lang='grc' dir='ltr'>Ἀργος</span> <span class='ocrx_word' id='word_1_28' title='bbox 1239 824 1498 906; x_wconf 84' lang='grc' dir='ltr'>ἱκοίμεθ’</span> <span class='ocrx_word' id='word_1_29' title='bbox 1543 824 1891 905; x_wconf 86' lang='grc' dir='ltr'>Ἀχαιικόν,</span> <span class='ocrx_word' id='word_1_30' title='bbox 1937 822 2141 902; x_wconf 84' lang='grc' dir='ltr'>οὖθαρ</span> <span class='ocrx_word' id='word_1_31' title='bbox 2185 823 2490 906; x_wconf 88' lang='grc' dir='ltr'>ἀρούρης,</span> 
     </span>
     <span class='ocr_line' id='line_1_6' title="bbox 591 924 2324 1011; baseline -0.002 -16"><span class='ocrx_word' id='word_1_32' title='bbox 591 930 873 1011; x_wconf 86' lang='grc' dir='ltr'>γαμβρός</span> <span class='ocrx_word' id='word_1_33' title='bbox 917 929 1026 994; x_wconf 86' lang='grc' dir='ltr'>κέν</span> <span class='ocrx_word' id='word_1_34' title='bbox 1072 948 1179 1007; x_wconf 91' lang='grc' dir='ltr'>μοι</span> <span class='ocrx_word' id='word_1_35' title='bbox 1222 928 1350 993; x_wconf 86' lang='grc' dir='ltr'>ἔοι·</span> <span class='ocrx_word' id='word_1_36' title='bbox 1395 926 1544 992; x_wconf 81' lang='grc' dir='ltr'>τίςω</span> <span class='ocrx_word' id='word_1_37' title='bbox 1590 925 1661 990; x_wconf 86' lang='grc' dir='ltr'>δέ</span> <span class='ocrx_word' id='word_1_38' title='bbox 1707 946 1812 1005; x_wconf 90' lang='grc' dir='ltr'>μιν</span> <span class='ocrx_word' id='word_1_39' title='bbox 1855 924 1998 992; x_wconf 80' lang='grc' dir='ltr'>ἴςον</span> <span class='ocrx_word' id='word_1_40' title='bbox 2043 926 2324 1009; x_wconf 85' lang='grc' dir='ltr'>Ὀρέςτῃ,</span> 
     </span>
     <span class='ocr_line' id='line_1_7' title="bbox 599 1028 2209 1112; baseline -0.004 -14"><span class='ocrx_word' id='word_1_41' title='bbox 599 1032 673 1098; x_wconf 88' lang='grc' dir='ltr'>ὅς</span> <span class='ocrx_word' id='word_1_42' title='bbox 717 1053 826 1110; x_wconf 92' lang='grc' dir='ltr'>μοι</span> <span class='ocrx_word' id='word_1_43' title='bbox 868 1031 1217 1109; x_wconf 89' lang='grc' dir='ltr'>τηλύγετος</span> <span class='ocrx_word' id='word_1_44' title='bbox 1260 1029 1561 1108; x_wconf 87' lang='grc' dir='ltr'>τρέφεται</span> <span class='ocrx_word' id='word_1_45' title='bbox 1608 1028 1793 1111; x_wconf 85' lang='grc' dir='ltr'>θαλίῃ</span> <span class='ocrx_word' id='word_1_46' title='bbox 1840 1028 1935 1093; x_wconf 86' lang='grc' dir='ltr'>ἔνι</span> <span class='ocrx_word' id='word_1_47' title='bbox 1980 1031 2209 1112; x_wconf 87' lang='grc' dir='ltr'>πολλῇ.</span> 
     </span>
     <span class='ocr_line' id='line_1_8' title="bbox 594 1129 2343 1213; baseline -0.002 -15"><span class='ocrx_word' id='word_1_48' title='bbox 594 1136 764 1212; x_wconf 86' lang='grc' dir='ltr'>τρεῖς</span> <span class='ocrx_word' id='word_1_49' title='bbox 808 1132 880 1197; x_wconf 86' lang='grc' dir='ltr'>δέ</span> <span class='ocrx_word' id='word_1_50' title='bbox 925 1133 1030 1212; x_wconf 90' lang='grc' dir='ltr'>μοί</span> <span class='ocrx_word' id='word_1_51' title='bbox 1075 1130 1186 1196; x_wconf 88' lang='grc' dir='ltr'>εἰςι</span> <span class='ocrx_word' id='word_1_52' title='bbox 1230 1129 1539 1209; x_wconf 90' lang='grc' dir='ltr'>θύγατρες</span> <span class='ocrx_word' id='word_1_53' title='bbox 1584 1129 1677 1195; x_wconf 84' lang='grc' dir='ltr'>ἑνὶ</span> <span class='ocrx_word' id='word_1_54' title='bbox 1722 1130 1981 1213; x_wconf 86' lang='grc' dir='ltr'>μεγάρῳ</span> <span class='ocrx_word' id='word_1_55' title='bbox 2027 1130 2343 1212; x_wconf 84' lang='grc' dir='ltr'>ἐυπήκτῳ,</span> 
     </span>
    </p>

    <p class='ocr_par' dir='ltr' id='par_1_4' title="bbox 441 1231 2380 1721">
     <span class='ocr_line' id='line_1_9' title="bbox 441 1231 2032 1314; baseline -0.002 -16"><span class='ocrx_word' id='word_1_56' title='bbox 441 1240 560 1298; x_wconf 87' lang='grc'>145</span> <span class='ocrx_word' id='word_1_57' title='bbox 608 1234 990 1314; x_wconf 91' lang='grc' dir='ltr'>Χρυςόθεμις</span> <span class='ocrx_word' id='word_1_58' title='bbox 1035 1234 1137 1298; x_wconf 87' lang='grc' dir='ltr'>καὶ</span> <span class='ocrx_word' id='word_1_59' title='bbox 1179 1232 1455 1310; x_wconf 82' lang='grc' dir='ltr'>Λαοδίκη</span> <span class='ocrx_word' id='word_1_60' title='bbox 1502 1231 1602 1295; x_wconf 86' lang='grc' dir='ltr'>καὶ</span> <span class='ocrx_word' id='word_1_61' title='bbox 1646 1231 2032 1311; x_wconf 86' lang='grc' dir='ltr'>Ἰφιάναςςα·</span> 
     </span>
     <span class='ocr_line' id='line_1_10' title="bbox 595 1331 2223 1418; baseline -0.002 -17"><span class='ocrx_word' id='word_1_62' title='bbox 595 1335 772 1401; x_wconf 88' lang='grc' dir='ltr'>τάων</span> <span class='ocrx_word' id='word_1_63' title='bbox 816 1335 896 1413; x_wconf 85' lang='grc' dir='ltr'>ἥν</span> <span class='ocrx_word' id='word_1_64' title='bbox 941 1335 995 1399; x_wconf 82' lang='grc' dir='ltr'>κ’</span> <span class='ocrx_word' id='word_1_65' title='bbox 1039 1334 1288 1418; x_wconf 82' lang='grc' dir='ltr'>ἐθέλῃςι</span> <span class='ocrx_word' id='word_1_66' title='bbox 1331 1333 1528 1414; x_wconf 85' lang='grc' dir='ltr'>φίλην</span> <span class='ocrx_word' id='word_1_67' title='bbox 1572 1333 1897 1399; x_wconf 82' lang='grc' dir='ltr'>ἀνάεδνον</span> <span class='ocrx_word' id='word_1_68' title='bbox 1943 1331 2223 1409; x_wconf 80' lang='grc' dir='ltr'>ἀγέςθω,</span> 
     </span>
     <span class='ocr_line' id='line_1_11' title="bbox 598 1433 2236 1516; baseline -0.001 -15"><span class='ocrx_word' id='word_1_69' title='bbox 598 1437 762 1516; x_wconf 90' lang='grc' dir='ltr'>πρὸς</span> <span class='ocrx_word' id='word_1_70' title='bbox 808 1433 994 1503; x_wconf 83' lang='grc' dir='ltr'>οἷκον</span> <span class='ocrx_word' id='word_1_71' title='bbox 1037 1436 1329 1515; x_wconf 86' lang='grc' dir='ltr'>Πηλῆος·</span> <span class='ocrx_word' id='word_1_72' title='bbox 1373 1435 1503 1512; x_wconf 84' lang='grc' dir='ltr'>ἐγὼ</span> <span class='ocrx_word' id='word_1_73' title='bbox 1550 1434 1609 1500; x_wconf 79' lang='grc' dir='ltr'>δ’</span> <span class='ocrx_word' id='word_1_74' title='bbox 1652 1434 1755 1499; x_wconf 85' lang='grc' dir='ltr'>ἐπὶ</span> <span class='ocrx_word' id='word_1_75' title='bbox 1799 1435 2003 1512; x_wconf 91' lang='grc' dir='ltr'>μείλια</span> <span class='ocrx_word' id='word_1_76' title='bbox 2048 1435 2236 1501; x_wconf 87' lang='grc' dir='ltr'>δώςω</span> 
     </span>
     <span class='ocr_line' id='line_1_12' title="bbox 598 1534 2380 1621; baseline -0.002 -18"><span class='ocrx_word' id='word_1_77' title='bbox 598 1538 814 1603; x_wconf 86' lang='grc' dir='ltr'>πολλὰ</span> <span class='ocrx_word' id='word_1_78' title='bbox 856 1537 1021 1621; x_wconf 83' lang='grc' dir='ltr'>μάλ’,</span> <span class='ocrx_word' id='word_1_79' title='bbox 1067 1537 1196 1603; x_wconf 84' lang='grc' dir='ltr'>ὅςς’</span> <span class='ocrx_word' id='word_1_80' title='bbox 1240 1537 1320 1602; x_wconf 88' lang='grc' dir='ltr'>οὔ</span> <span class='ocrx_word' id='word_1_81' title='bbox 1364 1537 1469 1600; x_wconf 86' lang='grc' dir='ltr'>πώ</span> <span class='ocrx_word' id='word_1_82' title='bbox 1513 1556 1608 1601; x_wconf 92' lang='grc' dir='ltr'>τις</span> <span class='ocrx_word' id='word_1_83' title='bbox 1651 1534 1723 1617; x_wconf 84' lang='grc' dir='ltr'>ἑῇ</span> <span class='ocrx_word' id='word_1_84' title='bbox 1769 1534 2056 1602; x_wconf 83' lang='grc' dir='ltr'>ἐπέδωκε</span> <span class='ocrx_word' id='word_1_85' title='bbox 2101 1538 2380 1617; x_wconf 91' lang='grc' dir='ltr'>θυγατρί.</span> 
     </span>
     <span class='ocr_line' id='line_1_13' title="bbox 600 1636 2101 1721; baseline -0.001 -17"><span class='ocrx_word' id='word_1_86' title='bbox 600 1639 761 1704; x_wconf 85' lang='grc' dir='ltr'>ἑπτὰ</span> <span class='ocrx_word' id='word_1_87' title='bbox 806 1639 877 1703; x_wconf 89' lang='grc' dir='ltr'>δέ</span> <span class='ocrx_word' id='word_1_88' title='bbox 923 1638 986 1705; x_wconf 87' lang='grc' dir='ltr'>οἱ</span> <span class='ocrx_word' id='word_1_89' title='bbox 1031 1639 1217 1704; x_wconf 80' lang='grc' dir='ltr'>δώςω</span> <span class='ocrx_word' id='word_1_90' title='bbox 1262 1636 1334 1703; x_wconf 85' lang='grc' dir='ltr'>εὖ</span> <span class='ocrx_word' id='word_1_91' title='bbox 1380 1638 1691 1718; x_wconf 89' lang='grc' dir='ltr'>ναιόμενα</span> <span class='ocrx_word' id='word_1_92' title='bbox 1733 1639 2101 1721; x_wconf 86' lang='grc' dir='ltr'>πτολίεθρα,</span> 
     </span>
    </p>

    <p class='ocr_par' dir='ltr' id='par_1_5' title="bbox 437 1738 2360 2227">
     <span class='ocr_line' id='line_1_14' title="bbox 437 1738 2212 1824; baseline 0.001 -20"><span class='ocrx_word' id='word_1_93' title='bbox 437 1746 557 1807; x_wconf 90' lang='grc'>150</span> <span class='ocrx_word' id='word_1_94' title='bbox 605 1740 1022 1821; x_wconf 87' lang='grc' dir='ltr'>Καρδαμύλην</span> <span class='ocrx_word' id='word_1_95' title='bbox 1066 1740 1339 1819; x_wconf 83' lang='grc' dir='ltr'>Ἐνόπην</span> <span class='ocrx_word' id='word_1_96' title='bbox 1383 1761 1453 1806; x_wconf 92' lang='grc' dir='ltr'>τε</span> <span class='ocrx_word' id='word_1_97' title='bbox 1498 1741 1602 1804; x_wconf 88' lang='grc' dir='ltr'>καὶ</span> <span class='ocrx_word' id='word_1_98' title='bbox 1643 1738 1803 1818; x_wconf 89' lang='grc' dir='ltr'>Ἱρὴν</span> <span class='ocrx_word' id='word_1_99' title='bbox 1849 1741 2212 1824; x_wconf 87' lang='grc' dir='ltr'>ποιήεςςαν,</span> 
     </span>
     <span class='ocr_line' id='line_1_15' title="bbox 603 1842 2140 1926; baseline -0.001 -18"><span class='ocrx_word' id='word_1_100' title='bbox 603 1844 821 1923; x_wconf 84' lang='grc' dir='ltr'>Φηράς</span> <span class='ocrx_word' id='word_1_101' title='bbox 865 1863 933 1907; x_wconf 90' lang='grc' dir='ltr'>τε</span> <span class='ocrx_word' id='word_1_102' title='bbox 977 1843 1205 1908; x_wconf 84' lang='grc' dir='ltr'>ζαθέας</span> <span class='ocrx_word' id='word_1_103' title='bbox 1248 1842 1347 1921; x_wconf 81' lang='grc' dir='ltr'>ἠδ’</span> <span class='ocrx_word' id='word_1_104' title='bbox 1388 1843 1690 1907; x_wconf 87' lang='grc' dir='ltr'>Ἄνθειαν</span> <span class='ocrx_word' id='word_1_105' title='bbox 1736 1842 2140 1926; x_wconf 84' lang='grc' dir='ltr'>βαθύλειμον,</span> 
     </span>
     <span class='ocr_line' id='line_1_16' title="bbox 602 1942 2200 2024; baseline -0.001 -15"><span class='ocrx_word' id='word_1_106' title='bbox 602 1946 803 2024; x_wconf 89' lang='grc' dir='ltr'>καλήν</span> <span class='ocrx_word' id='word_1_107' title='bbox 847 1945 901 2009; x_wconf 82' lang='grc' dir='ltr'>τ’</span> <span class='ocrx_word' id='word_1_108' title='bbox 943 1943 1209 2009; x_wconf 87' lang='grc' dir='ltr'>Αἴπειαν</span> <span class='ocrx_word' id='word_1_109' title='bbox 1254 1945 1355 2008; x_wconf 83' lang='grc' dir='ltr'>καὶ</span> <span class='ocrx_word' id='word_1_110' title='bbox 1398 1945 1703 2022; x_wconf 87' lang='grc' dir='ltr'>Πήδαςον</span> <span class='ocrx_word' id='word_1_111' title='bbox 1748 1942 2200 2022; x_wconf 89' lang='grc' dir='ltr'>ἀμπελόεςςαν.</span> 
     </span>
     <span class='ocr_line' id='line_1_17' title="bbox 602 2043 2360 2127; baseline -0.001 -17"><span class='ocrx_word' id='word_1_112' title='bbox 602 2048 793 2112; x_wconf 89' lang='grc' dir='ltr'>πᾶςαι</span> <span class='ocrx_word' id='word_1_113' title='bbox 838 2047 896 2111; x_wconf 81' lang='grc' dir='ltr'>δ’</span> <span class='ocrx_word' id='word_1_114' title='bbox 938 2045 1127 2122; x_wconf 84' lang='grc' dir='ltr'>ἐγγὺς</span> <span class='ocrx_word' id='word_1_115' title='bbox 1172 2044 1361 2127; x_wconf 90' lang='grc' dir='ltr'>ἁλός,</span> <span class='ocrx_word' id='word_1_116' title='bbox 1403 2046 1625 2110; x_wconf 84' lang='grc' dir='ltr'>νέαται</span> <span class='ocrx_word' id='word_1_117' title='bbox 1669 2044 1898 2109; x_wconf 88' lang='grc' dir='ltr'>Πύλου</span> <span class='ocrx_word' id='word_1_118' title='bbox 1941 2043 2360 2122; x_wconf 82' lang='grc' dir='ltr'>ἠμαθόεντος·</span> 
     </span>
     <span class='ocr_line' id='line_1_18' title="bbox 605 2144 2214 2227; baseline -0.002 -13"><span class='ocrx_word' id='word_1_119' title='bbox 605 2149 677 2214; x_wconf 85' lang='grc' dir='ltr'>ἐν</span> <span class='ocrx_word' id='word_1_120' title='bbox 723 2148 779 2213; x_wconf 84' lang='grc' dir='ltr'>δ’</span> <span class='ocrx_word' id='word_1_121' title='bbox 823 2146 1054 2226; x_wconf 85' lang='grc' dir='ltr'>ἄνδρες</span> <span class='ocrx_word' id='word_1_122' title='bbox 1099 2144 1342 2211; x_wconf 92' lang='grc' dir='ltr'>ναίουςι</span> <span class='ocrx_word' id='word_1_123' title='bbox 1387 2146 1753 2225; x_wconf 90' lang='grc' dir='ltr'>πολύρηνες</span> <span class='ocrx_word' id='word_1_124' title='bbox 1797 2147 2214 2227; x_wconf 83' lang='grc' dir='ltr'>πολυβοῦται,</span> 
     </span>
    </p>

    <p class='ocr_par' dir='ltr' id='par_1_6' title="bbox 440 2243 1913 2328">
     <span class='ocr_line' id='line_1_19' title="bbox 440 2243 1913 2328; baseline -0.003 -14"><span class='ocrx_word' id='word_1_125' title='bbox 440 2256 557 2314; x_wconf 87' lang='lat'>155</span> <span class='ocrx_word' id='word_1_126' title='bbox 604 2249 671 2315; x_wconf 85' lang='grc' dir='ltr'>οἵ</span> <span class='ocrx_word' id='word_1_127' title='bbox 713 2248 783 2313; x_wconf 85' lang='grc' dir='ltr'>κέ</span> <span class='ocrx_word' id='word_1_128' title='bbox 828 2243 860 2309; x_wconf 84' lang='grc' dir='ltr'>ἑ</span> <span class='ocrx_word' id='word_1_129' title='bbox 903 2246 1195 2328; x_wconf 86' lang='grc' dir='ltr'>δωτίνῃςι</span> <span class='ocrx_word' id='word_1_130' title='bbox 1238 2247 1390 2312; x_wconf 90' lang='grc' dir='ltr'>θεὸν</span> <span class='ocrx_word' id='word_1_131' title='bbox 1436 2246 1527 2312; x_wconf 87' lang='grc' dir='ltr'>ὣς</span> <span class='ocrx_word' id='word_1_132' title='bbox 1569 2247 1913 2328; x_wconf 86' lang='grc' dir='ltr'>τιμήςουςι,</span> 
     </span>
    </p>
   </div>
   <div class='ocr_carea' id='block_1_3' title="bbox 447 2379 850 2389">
    <p class='ocr_par' dir='ltr' id='par_1_7' title="bbox 447 2379 850 2389">
     <span class='ocr_line' id='line_1_20' title="bbox 447 2379 850 2389; baseline 0 2617"><span class='ocrx_word' id='word_1_133' title='bbox 447 2379 850 2389; x_wconf 95' lang='lat' dir='ltr'> </span> 
     </span>
    </p>
   </div>
   <div class='ocr_carea' id='block_1_4' title="bbox 436 2428 2741 2842">
    <p class='ocr_par' dir='ltr' id='par_1_8' title="bbox 436 2428 2741 2842">
     <span class='ocr_line' id='line_1_21' title="bbox 570 2428 2719 2497; baseline 0 -10"><span class='ocrx_word' id='word_1_134' title='bbox 570 2433 638 2487; x_wconf 89' lang='lat' dir='ltr'>V.</span> <span class='ocrx_word' id='word_1_135' title='bbox 675 2451 724 2486; x_wconf 83' lang='lat'><strong>1..</strong></span> <span class='ocrx_word' id='word_1_136' title='bbox 789 2436 884 2486; x_wconf 83' lang='lat'>138</span> <span class='ocrx_word' id='word_1_137' title='bbox 929 2432 1029 2485; x_wconf 85' lang='grc' dir='ltr'>κέν</span> <span class='ocrx_word' id='word_1_138' title='bbox 1071 2446 1135 2484; x_wconf 90' lang='grc' dir='ltr'>τε</span> <span class='ocrx_word' id='word_1_139' title='bbox 1179 2431 1513 2497; x_wconf 83' lang='grc' dir='ltr'>δατεώμεθα</span> <span class='ocrx_word' id='word_1_140' title='bbox 1549 2428 1604 2484; x_wconf 83' lang='lat' dir='ltr'><strong>S.</strong></span> <span class='ocrx_word' id='word_1_141' title='bbox 1641 2431 1677 2485; x_wconf 87' lang='grc' dir='ltr'>ἀ</span> <span class='ocrx_word' id='word_1_142' title='bbox 1712 2435 1855 2485; x_wconf 85' lang='grc' dir='ltr'>αιῶν</span> <span class='ocrx_word' id='word_1_143' title='bbox 1891 2430 1960 2485; x_wconf 89' lang='grc' dir='ltr'>Η.</span> <span class='ocrx_word' id='word_1_144' title='bbox 1996 2462 2061 2471; x_wconf 92' lang='grc'><strong>-</strong></span> <span class='ocrx_word' id='word_1_145' title='bbox 2109 2433 2206 2484; x_wconf 84' lang='grc'>139</span> <span class='ocrx_word' id='word_1_146' title='bbox 2241 2431 2303 2484; x_wconf 79' lang='grc' dir='ltr'>δὲ</span> <span class='ocrx_word' id='word_1_147' title='bbox 2339 2432 2521 2486; x_wconf 91' lang='lat' dir='ltr'><strong>omitt.</strong></span> <span class='ocrx_word' id='word_1_148' title='bbox 2559 2432 2618 2487; x_wconf 97' lang='lat' dir='ltr'><strong>L.</strong></span> <span class='ocrx_word' id='word_1_149' title='bbox 2656 2463 2719 2472; x_wconf 90' lang='lat'>--</span> 
     </span>
     <span class='ocr_line' id='line_1_22' title="bbox 439 2495 2741 2566; baseline -0.001 -8"><span class='ocrx_word' id='word_1_150' title='bbox 439 2511 534 2558; x_wconf 90' lang='grc'>140</span> <span class='ocrx_word' id='word_1_151' title='bbox 570 2502 628 2557; x_wconf 79' lang='grc' dir='ltr'>αἵ</span> <span class='ocrx_word' id='word_1_152' title='bbox 669 2518 734 2556; x_wconf 91' lang='grc' dir='ltr'>τε</span> <span class='ocrx_word' id='word_1_153' title='bbox 781 2499 817 2554; x_wconf 88' lang='lat' dir='ltr'>S</span> <span class='ocrx_word' id='word_1_154' title='bbox 864 2498 1022 2555; x_wconf 83' lang='lat' dir='ltr'><strong>Cant.</strong></span> <span class='ocrx_word' id='word_1_155' title='bbox 1071 2529 1137 2538; x_wconf 93' lang='lat'><em>-</em></span> <span class='ocrx_word' id='word_1_156' title='bbox 1185 2503 1277 2552; x_wconf 84' lang='lat'>141</span> <span class='ocrx_word' id='word_1_157' title='bbox 1326 2499 1582 2566; x_wconf 84' lang='grc' dir='ltr'>ἀχαιῑκόν</span> <span class='ocrx_word' id='word_1_158' title='bbox 1626 2499 1675 2553; x_wconf 89' lang='grc' dir='ltr'><strong>Α</strong></span> <span class='ocrx_word' id='word_1_159' title='bbox 1729 2498 1824 2553; x_wconf 89' lang='lat' dir='ltr'>HL</span> <span class='ocrx_word' id='word_1_160' title='bbox 1869 2506 1916 2554; x_wconf 78' lang='lat'><strong>2.</strong></span> <span class='ocrx_word' id='word_1_161' title='bbox 1962 2516 2109 2554; x_wconf 79' lang='lat' dir='ltr'><strong>man.</strong></span> <span class='ocrx_word' id='word_1_162' title='bbox 2158 2495 2358 2554; x_wconf 83' lang='lat' dir='ltr'><strong>Strabo</strong></span> <span class='ocrx_word' id='word_1_163' title='bbox 2395 2498 2559 2565; x_wconf 90' lang='lat' dir='ltr'>VIII,</span> <span class='ocrx_word' id='word_1_164' title='bbox 2594 2507 2741 2557; x_wconf 80' lang='lat'><strong>369:.</strong></span> 
     </span>
     <span class='ocr_line' id='line_1_23' title="bbox 436 2566 2721 2639; baseline -0.001 -13"><span class='ocrx_word' id='word_1_165' title='bbox 436 2572 672 2639; x_wconf 84' lang='grc' dir='ltr'>ἀχαῖκόν</span> <span class='ocrx_word' id='word_1_166' title='bbox 708 2567 893 2624; x_wconf 86' lang='lat' dir='ltr'><strong>CEGL</strong></span> <span class='ocrx_word' id='word_1_167' title='bbox 933 2574 981 2627; x_wconf 86' lang='lat'>1.</span> <span class='ocrx_word' id='word_1_168' title='bbox 1018 2583 1165 2620; x_wconf 82' lang='lat' dir='ltr'><strong>man.</strong></span> <span class='ocrx_word' id='word_1_169' title='bbox 1195 2566 1249 2622; x_wconf 86' lang='lat' dir='ltr'><strong>S.</strong></span> <span class='ocrx_word' id='word_1_170' title='bbox 1287 2570 1358 2622; x_wconf 89' lang='grc' dir='ltr'>τὸ</span> <span class='ocrx_word' id='word_1_171' title='bbox 1393 2569 1453 2621; x_wconf 84' lang='grc' dir='ltr'>δὲ</span> <span class='ocrx_word' id='word_1_172' title='bbox 1491 2568 1776 2634; x_wconf 81' lang='grc' dir='ltr'>Ἀχαιϊκόν</span> <span class='ocrx_word' id='word_1_173' title='bbox 1799 2570 1888 2624; x_wconf 89' lang='grc' dir='ltr'>διὰ</span> <span class='ocrx_word' id='word_1_174' title='bbox 1911 2569 2221 2635; x_wconf 88' lang='grc' dir='ltr'>διφθόγγου</span> <span class='ocrx_word' id='word_1_175' title='bbox 2247 2568 2280 2621; x_wconf 87' lang='grc' dir='ltr'>ὁ</span> <span class='ocrx_word' id='word_1_176' title='bbox 2315 2572 2557 2637; x_wconf 86' lang='grc' dir='ltr'>ποιητὴς</span> <span class='ocrx_word' id='word_1_177' title='bbox 2591 2571 2721 2637; x_wconf 86' lang='grc' dir='ltr'>γρά-</span> 
     </span>
     <span class='ocr_line' id='line_1_24' title="bbox 437 2637 2722 2706; baseline -0.001 -12"><span class='ocrx_word' id='word_1_178' title='bbox 437 2657 531 2706; x_wconf 90' lang='grc' dir='ltr'>φει</span> <span class='ocrx_word' id='word_1_179' title='bbox 569 2640 633 2693; x_wconf 81' lang='grc' dir='ltr'>ὲν</span> <span class='ocrx_word' id='word_1_180' title='bbox 675 2644 746 2706; x_wconf 81' lang='grc' dir='ltr'>τῇ</span> <span class='ocrx_word' id='word_1_181' title='bbox 794 2637 1270 2704; x_wconf 89' lang='grc' dir='ltr'>προπαραληγούς</span> <span class='ocrx_word' id='word_1_182' title='bbox 1324 2652 1335 2664; x_wconf 94' lang='grc'><em>·</em></span> <span class='ocrx_word' id='word_1_183' title='bbox 1380 2637 1450 2689; x_wconf 90' lang='grc' dir='ltr'>τὸ</span> <span class='ocrx_word' id='word_1_184' title='bbox 1485 2637 1593 2703; x_wconf 88' lang='grc' dir='ltr'>γὰρ</span> <span class='ocrx_word' id='word_1_185' title='bbox 1638 2637 1726 2690; x_wconf 83' lang='grc' dir='ltr'>διὰ</span> <span class='ocrx_word' id='word_1_186' title='bbox 1769 2642 1872 2690; x_wconf 81' lang='grc' dir='ltr'>τοῦ</span> <span class='ocrx_word' id='word_1_187' title='bbox 1914 2643 1961 2690; x_wconf 64' lang='grc' dir='ltr'>ἃ</span> <span class='ocrx_word' id='word_1_188' title='bbox 2000 2637 2263 2703; x_wconf 77' lang='grc' dir='ltr'>Ἀχαϊκὸν</span> <span class='ocrx_word' id='word_1_189' title='bbox 2306 2641 2428 2689; x_wconf 87' lang='grc' dir='ltr'>τῶν</span> <span class='ocrx_word' id='word_1_190' title='bbox 2471 2638 2722 2706; x_wconf 84' lang='grc' dir='ltr'>ύςτέρων</span> 
     </span>
     <span class='ocr_line' id='line_1_25' title="bbox 437 2653 2723 2772; baseline -0.002 -10"><span class='ocrx_word' id='word_1_191' title='bbox 437 2708 551 2763; x_wconf 84' lang='grc' dir='ltr'>ἐςτί</span> <span class='ocrx_word' id='word_1_192' title='bbox 587 2705 739 2759; x_wconf 87' lang='lat' dir='ltr'><strong>Eust.</strong></span> <span class='ocrx_word' id='word_1_193' title='bbox 777 2710 892 2770; x_wconf 76' lang='grc'>742,</span> <span class='ocrx_word' id='word_1_194' title='bbox 930 2711 1009 2762; x_wconf 89' lang='grc'>15.</span> <span class='ocrx_word' id='word_1_195' title='bbox 1047 2738 1112 2747; x_wconf 79' lang='lat'>-</span> <span class='ocrx_word' id='word_1_196' title='bbox 1149 2709 1245 2757; x_wconf 80' lang='lat'>142</span> <span class='ocrx_word' id='word_1_197' title='bbox 1273 2653 1346 2772; x_wconf 54' lang='lat' dir='ltr'>&#39;gn</span> <span class='ocrx_word' id='word_1_198' title='bbox 1384 2702 1536 2758; x_wconf 86' lang='lat' dir='ltr'><strong>Eust.</strong></span> <span class='ocrx_word' id='word_1_199' title='bbox 1577 2709 1690 2769; x_wconf 83' lang='grc'><strong>741,</strong></span> <span class='ocrx_word' id='word_1_200' title='bbox 1729 2709 1821 2768; x_wconf 86' lang='grc'>55;</span> <span class='ocrx_word' id='word_1_201' title='bbox 1861 2710 2096 2768; x_wconf 73' lang='grc'><strong>742,·26.</strong></span> <span class='ocrx_word' id='word_1_202' title='bbox 2134 2734 2197 2743; x_wconf 95' lang='grc'>-</span> <span class='ocrx_word' id='word_1_203' title='bbox 2237 2709 2332 2758; x_wconf 81' lang='grc'>143</span> <span class='ocrx_word' id='word_1_204' title='bbox 2367 2705 2447 2758; x_wconf 82' lang='grc' dir='ltr'>ἑνι</span> <span class='ocrx_word' id='word_1_205' title='bbox 2484 2704 2601 2759; x_wconf 85' lang='grc' dir='ltr'>ΑΙ).</span> <span class='ocrx_word' id='word_1_206' title='bbox 2640 2707 2723 2760; x_wconf 79' lang='grc' dir='ltr'>ἑνὶ</span> 
     </span>
     <span class='ocr_line' id='line_1_26' title="bbox 439 2769 2722 2842; baseline -0.002 -13"><span class='ocrx_word' id='word_1_207' title='bbox 439 2773 623 2830; x_wconf 89' lang='lat' dir='ltr'><strong>CEGL</strong></span> <span class='ocrx_word' id='word_1_208' title='bbox 660 2772 750 2827; x_wconf 89' lang='lat' dir='ltr'><strong>Et.</strong></span> <span class='ocrx_word' id='word_1_209' title='bbox 785 2771 901 2842; x_wconf 83' lang='lat' dir='ltr'><strong>Mg.</strong></span> <span class='ocrx_word' id='word_1_210' title='bbox 939 2777 1055 2836; x_wconf 85' lang='lat'>441,</span> <span class='ocrx_word' id='word_1_211' title='bbox 1095 2777 1176 2825; x_wconf 88' lang='grc'>54.</span> <span class='ocrx_word' id='word_1_212' title='bbox 1213 2800 1279 2811; x_wconf 90' lang='grc'>-</span> <span class='ocrx_word' id='word_1_213' title='bbox 1307 2777 1402 2825; x_wconf 88' lang='grc'>144</span> <span class='ocrx_word' id='word_1_214' title='bbox 1437 2773 1496 2826; x_wconf 87' lang='grc' dir='ltr'>δέ</span> <span class='ocrx_word' id='word_1_215' title='bbox 1532 2789 1626 2838; x_wconf 89' lang='grc' dir='ltr'>μοι</span> <span class='ocrx_word' id='word_1_216' title='bbox 1661 2771 1761 2826; x_wconf 81' lang='grc' dir='ltr'>εἰςί</span> <span class='ocrx_word' id='word_1_217' title='bbox 1785 2769 2143 2826; x_wconf 85' lang='lat' dir='ltr'><strong>ACDEGHL.</strong></span> <span class='ocrx_word' id='word_1_218' title='bbox 2180 2773 2484 2839; x_wconf 79' lang='grc' dir='ltr'>θυγατέρες</span> <span class='ocrx_word' id='word_1_219' title='bbox 2509 2771 2550 2826; x_wconf 89' lang='lat' dir='ltr'>C</span> <span class='ocrx_word' id='word_1_220' title='bbox 2576 2772 2640 2825; x_wconf 89' lang='lat' dir='ltr'>Li</span> <span class='ocrx_word' id='word_1_221' title='bbox 2682 2791 2722 2826; x_wconf 87' lang='lat' dir='ltr'><strong>s.</strong></span> 
     </span>
    </p>
   </div>
   <div class='ocr_carea' id='block_1_5' title="bbox 438 2838 2707 2910">
    <p class='ocr_par' dir='ltr' id='par_1_9' title="bbox 438 2838 2707 2910">
     <span class='ocr_line' id='line_1_27' title="bbox 438 2838 2707 2910; baseline -0.003 -11"><span class='ocrx_word' id='word_1_222' title='bbox 438 2845 520 2899; x_wconf 82' lang='grc' dir='ltr'>ἐνι</span> <span class='ocrx_word' id='word_1_223' title='bbox 556 2840 676 2895; x_wconf 88' lang='lat' dir='ltr'>AD.</span> <span class='ocrx_word' id='word_1_224' title='bbox 714 2841 1069 2907; x_wconf 82' lang='grc' dir='ltr'>ἐνὶμμεγάρω</span> <span class='ocrx_word' id='word_1_225' title='bbox 1096 2838 1154 2896; x_wconf 88' lang='lat' dir='ltr'><strong>C.</strong></span> <span class='ocrx_word' id='word_1_226' title='bbox 1190 2840 1541 2910; x_wconf 84' lang='grc' dir='ltr'>ἑνιμμεγάρῳ</span> <span class='ocrx_word' id='word_1_227' title='bbox 1568 2838 1622 2898; x_wconf 86' lang='lat' dir='ltr'><strong>S.</strong></span> <span class='ocrx_word' id='word_1_228' title='bbox 1658 2841 1926 2909; x_wconf 82' lang='grc' dir='ltr'>ἐύπὴκτῳ</span> <span class='ocrx_word' id='word_1_229' title='bbox 1955 2838 2215 2894; x_wconf 82' lang='lat' dir='ltr'>CDEHS:</span> <span class='ocrx_word' id='word_1_230' title='bbox 2252 2841 2524 2908; x_wconf 85' lang='grc' dir='ltr'>εὐπήκτῳ</span> <span class='ocrx_word' id='word_1_231' title='bbox 2560 2841 2610 2894; x_wconf 89' lang='grc' dir='ltr'><strong>Α</strong></span> <span class='ocrx_word' id='word_1_232' title='bbox 2666 2840 2707 2892; x_wconf 78' lang='lat'>1.</span> 
     </span>
    </p>
   </div>
   <div class='ocr_carea' id='block_1_6' title="bbox 439 2881 2843 2976">
    <p class='ocr_par' dir='ltr' id='par_1_10' title="bbox 439 2881 2843 2976">
     <span class='ocr_line' id='line_1_28' title="bbox 439 2881 2843 2976; baseline -0.001 -14"><span class='ocrx_word' id='word_1_233' title='bbox 439 2942 502 2950; x_wconf 90' lang='lat'>—</span> <span class='ocrx_word' id='word_1_234' title='bbox 545 2916 638 2964; x_wconf 89' lang='grc'>145</span> <span class='ocrx_word' id='word_1_235' title='bbox 684 2912 775 2964; x_wconf 81' lang='grc' dir='ltr'>καὶ</span> <span class='ocrx_word' id='word_1_236' title='bbox 813 2908 1078 2976; x_wconf 70' lang='grc' dir='ltr'>Λαοδίκηε</span> <span class='ocrx_word' id='word_1_237' title='bbox 1115 2910 1206 2963; x_wconf 81' lang='grc' dir='ltr'>καὶ</span> <span class='ocrx_word' id='word_1_238' title='bbox 1251 2910 1532 2975; x_wconf 82' lang='grc' dir='ltr'>Ἠλεκτρα</span> <span class='ocrx_word' id='word_1_239' title='bbox 1576 2906 1729 2961; x_wconf 83' lang='lat' dir='ltr'><strong>Eust.</strong></span> <span class='ocrx_word' id='word_1_240' title='bbox 1781 2912 1929 2975; x_wconf 86' lang='lat'>1483,</span> <span class='ocrx_word' id='word_1_241' title='bbox 1976 2914 2056 2963; x_wconf 80' lang='lat'><strong>29.</strong></span> <span class='ocrx_word' id='word_1_242' title='bbox 2107 2938 2169 2949; x_wconf 88' lang='lat'>—</span> <span class='ocrx_word' id='word_1_243' title='bbox 2222 2913 2315 2960; x_wconf 89' lang='grc'>146</span> <span class='ocrx_word' id='word_1_244' title='bbox 2352 2911 2403 2961; x_wconf 87' lang='grc' dir='ltr'>κ’</span> <span class='ocrx_word' id='word_1_245' title='bbox 2437 2907 2621 2966; x_wconf 81' lang='lat' dir='ltr'><strong>omitt.</strong></span> <span class='ocrx_word' id='word_1_246' title='bbox 2656 2881 2725 2961; x_wconf 56' lang='lat' dir='ltr'>G:</span> <span class='ocrx_word' id='word_1_247' title='bbox 2838 2889 2843 2902; x_wconf 60' lang='lat'>¹</span> 
     </span>
    </p>
   </div>
   <div class='ocr_carea' id='block_1_7' title="bbox 439 2974 2725 3179">
    <p class='ocr_par' dir='ltr' id='par_1_11' title="bbox 439 2974 2725 3179">
     <span class='ocr_line' id='line_1_29' title="bbox 440 2974 2724 3046; baseline -0.003 -12"><span class='ocrx_word' id='word_1_248' title='bbox 440 2996 503 3034; x_wconf 90' lang='grc' dir='ltr'>κε</span> <span class='ocrx_word' id='word_1_249' title='bbox 538 2980 727 3046; x_wconf 82' lang='grc' dir='ltr'>θέλῃςι</span> <span class='ocrx_word' id='word_1_250' title='bbox 763 2976 811 3029; x_wconf 94' lang='lat' dir='ltr'>D</span> <span class='ocrx_word' id='word_1_251' title='bbox 837 2976 1048 3030; x_wconf 84' lang='lat' dir='ltr'><strong>Townl.</strong></span> <span class='ocrx_word' id='word_1_252' title='bbox 1076 2975 1231 3033; x_wconf 82' lang='lat' dir='ltr'><strong>Vrat.</strong></span> <span class='ocrx_word' id='word_1_253' title='bbox 1255 2974 1310 3032; x_wconf 92' lang='lat' dir='ltr'>b.</span> <span class='ocrx_word' id='word_1_254' title='bbox 1349 3006 1410 3014; x_wconf 94' lang='lat'>—</span> <span class='ocrx_word' id='word_1_255' title='bbox 1453 2980 1548 3029; x_wconf 97' lang='grc'>147</span> <span class='ocrx_word' id='word_1_256' title='bbox 1585 2976 1680 3030; x_wconf 78' lang='grc' dir='ltr'>ἐπὶ</span> <span class='ocrx_word' id='word_1_257' title='bbox 1717 2977 1897 3040; x_wconf 84' lang='grc' dir='ltr'>μείλια</span> <span class='ocrx_word' id='word_1_258' title='bbox 1931 2974 2111 3030; x_wconf 85' lang='lat' dir='ltr'><strong>Schol.</strong></span> <span class='ocrx_word' id='word_1_259' title='bbox 2148 2977 2191 3031; x_wconf 93' lang='grc' dir='ltr'>Χ</span> <span class='ocrx_word' id='word_1_260' title='bbox 2229 2982 2309 3030; x_wconf 85' lang='grc'>51.</span> <span class='ocrx_word' id='word_1_261' title='bbox 2346 2974 2527 3029; x_wconf 53' lang='lat' dir='ltr'>Eum</span> <span class='ocrx_word' id='word_1_262' title='bbox 2571 3017 2582 3029; x_wconf 95' lang='lat'><strong>.</strong></span> <span class='ocrx_word' id='word_1_263' title='bbox 2607 2982 2724 3041; x_wconf 71' lang='lat'>582,</span> 
     </span>
     <span class='ocr_line' id='line_1_30' title="bbox 439 3042 2725 3162; baseline -0.002 -61"><span class='ocrx_word' id='word_1_264' title='bbox 439 3055 522 3102; x_wconf 86' lang='lat'>31.</span> <span class='ocrx_word' id='word_1_265' title='bbox 569 3044 751 3114; x_wconf 86' lang='lat' dir='ltr'>Apoll.</span> <span class='ocrx_word' id='word_1_266' title='bbox 805 3042 937 3103; x_wconf 83' lang='lat' dir='ltr'><strong>Lex.</strong></span> <span class='ocrx_word' id='word_1_267' title='bbox 976 3050 1089 3110; x_wconf 89' lang='lat'>110,</span> <span class='ocrx_word' id='word_1_268' title='bbox 1126 3049 1210 3096; x_wconf 80' lang='lat'><strong>20.</strong></span> <span class='ocrx_word' id='word_1_269' title='bbox 1255 3042 1660 3162; x_wconf 45' lang='lat' dir='ltr'>Schol353mlL</span> <span class='ocrx_word' id='word_1_270' title='bbox 1711 3042 1891 3097; x_wconf 84' lang='lat' dir='ltr'><strong>Rhod.</strong></span> <span class='ocrx_word' id='word_1_271' title='bbox 1928 3042 2025 3109; x_wconf 89' lang='lat' dir='ltr'>III,</span> <span class='ocrx_word' id='word_1_272' title='bbox 2066 3050 2184 3130; x_wconf 69' lang='grc' dir='ltr'><strong>146ε</strong></span> <span class='ocrx_word' id='word_1_273' title='bbox 2221 3044 2496 3108; x_wconf 82' lang='grc' dir='ltr'>ἐπιμείλια</span> <span class='ocrx_word' id='word_1_274' title='bbox 2578 3043 2725 3097; x_wconf 82' lang='lat' dir='ltr'>DEG</span> 
     </span>
     <span class='ocr_line' id='line_1_31' title="bbox 439 3109 2723 3179; baseline -0.001 -11"><span class='ocrx_word' id='word_1_275' title='bbox 439 3113 594 3168; x_wconf 82' lang='lat' dir='ltr'><strong>HLS.</strong></span> <span class='ocrx_word' id='word_1_276' title='bbox 633 3112 912 3179; x_wconf 82' lang='grc' dir='ltr'>ἐπιμείλια</span> <span class='ocrx_word' id='word_1_277' title='bbox 947 3111 1012 3164; x_wconf 90' lang='lat' dir='ltr'>A.</span> <span class='ocrx_word' id='word_1_278' title='bbox 1053 3141 1116 3150; x_wconf 90' lang='lat'>—</span> <span class='ocrx_word' id='word_1_279' title='bbox 1157 3115 1252 3165; x_wconf 88' lang='grc'>148</span> <span class='ocrx_word' id='word_1_280' title='bbox 1299 3111 1442 3175; x_wconf 95' lang='grc' dir='ltr'>μάλλ</span> <span class='ocrx_word' id='word_1_281' title='bbox 1551 3152 1562 3163; x_wconf 96' lang='grc'><strong>.</strong></span> <span class='ocrx_word' id='word_1_282' title='bbox 1612 3112 1712 3166; x_wconf 86' lang='grc' dir='ltr'>ὅςα</span> <span class='ocrx_word' id='word_1_283' title='bbox 1748 3109 1808 3164; x_wconf 88' lang='lat' dir='ltr'>L.</span> <span class='ocrx_word' id='word_1_284' title='bbox 1855 3140 1915 3148; x_wconf 92' lang='lat'>—-</span> <span class='ocrx_word' id='word_1_285' title='bbox 1957 3116 2052 3165; x_wconf 83' lang='grc'>149</span> <span class='ocrx_word' id='word_1_286' title='bbox 2098 3128 2161 3166; x_wconf 93' lang='grc' dir='ltr'>ευ</span> <span class='ocrx_word' id='word_1_287' title='bbox 2208 3113 2482 3176; x_wconf 86' lang='grc' dir='ltr'>ναιόμενα</span> <span class='ocrx_word' id='word_1_288' title='bbox 2514 3111 2723 3166; x_wconf 85' lang='lat' dir='ltr'><strong>ACEG.</strong></span> 
     </span>
    </p>
   </div>
   <div class='ocr_carea' id='block_1_8' title="bbox 442 3181 2724 3280">
    <p class='ocr_par' dir='ltr' id='par_1_12' title="bbox 442 3181 2724 3280">
     <span class='ocr_line' id='line_1_32' title="bbox 442 3181 2724 3280; baseline -0.002 -10"><span class='ocrx_word' id='word_1_289' title='bbox 442 3181 823 3279; x_wconf 54' lang='lat' dir='ltr'>esvmoueffi‘</span> <span class='ocrx_word' id='word_1_290' title='bbox 809 3210 869 3266; x_wconf 92' lang='lat' dir='ltr'><strong>L.</strong></span> <span class='ocrx_word' id='word_1_291' title='bbox 906 3243 969 3252; x_wconf 93' lang='lat'><strong>—</strong></span> <span class='ocrx_word' id='word_1_292' title='bbox 1011 3217 1108 3266; x_wconf 88' lang='grc'>150</span> <span class='ocrx_word' id='word_1_293' title='bbox 1144 3211 1491 3279; x_wconf 87' lang='grc' dir='ltr'>καρδαμίλην</span> <span class='ocrx_word' id='word_1_294' title='bbox 1529 3210 1639 3266; x_wconf 87' lang='lat' dir='ltr'><strong>GL.</strong></span> <span class='ocrx_word' id='word_1_295' title='bbox 1677 3211 1803 3279; x_wconf 76' lang='grc' dir='ltr'>ἱρὴν</span> <span class='ocrx_word' id='word_1_296' title='bbox 1838 3210 1944 3265; x_wconf 89' lang='lat' dir='ltr'><strong>EL.</strong></span> <span class='ocrx_word' id='word_1_297' title='bbox 1982 3214 2115 3280; x_wconf 83' lang='grc' dir='ltr'>ἰ’ρὴν</span> <span class='ocrx_word' id='word_1_298' title='bbox 2148 3212 2214 3271; x_wconf 87' lang='lat' dir='ltr'>A.</span> <span class='ocrx_word' id='word_1_299' title='bbox 2251 3212 2301 3267; x_wconf 83' lang='grc' dir='ltr'>εἰ</span> <span class='ocrx_word' id='word_1_300' title='bbox 2335 3214 2397 3267; x_wconf 80' lang='grc' dir='ltr'>δὲ</span> <span class='ocrx_word' id='word_1_301' title='bbox 2433 3215 2524 3267; x_wconf 78' lang='grc' dir='ltr'>καὶ</span> <span class='ocrx_word' id='word_1_302' title='bbox 2561 3214 2724 3280; x_wconf 86' lang='grc' dir='ltr'>βαρύ-</span> 
     </span>
    </p>
   </div>
   <div class='ocr_carea' id='block_1_9' title="bbox 441 3286 2722 3452">
    <p class='ocr_par' dir='ltr' id='par_1_13' title="bbox 441 3286 2722 3452">
     <span class='ocr_line' id='line_1_33' title="bbox 441 3286 2722 3382; baseline -0.002 -11"><span class='ocrx_word' id='word_1_303' title='bbox 441 3286 601 3371; x_wconf 61' lang='grc' dir='ltr'>νετᾶἶ</span> <span class='ocrx_word' id='word_1_304' title='bbox 633 3318 667 3381; x_wconf 87' lang='grc' dir='ltr'><strong>ἡ</strong></span> <span class='ocrx_word' id='word_1_305' title='bbox 716 3316 879 3369; x_wconf 87' lang='grc' dir='ltr'>πόλις</span> <span class='ocrx_word' id='word_1_306' title='bbox 914 3316 1030 3381; x_wconf 85' lang='grc' dir='ltr'>Ἰρα</span> <span class='ocrx_word' id='word_1_307' title='bbox 1065 3314 1344 3381; x_wconf 85' lang='grc' dir='ltr'>λεγομένη</span> <span class='ocrx_word' id='word_1_308' title='bbox 1382 3313 1524 3367; x_wconf 84' lang='grc' dir='ltr'>κατὰ</span> <span class='ocrx_word' id='word_1_309' title='bbox 1559 3300 1746 3368; x_wconf 80' lang='grc' dir='ltr'>πολλὰ</span> <span class='ocrx_word' id='word_1_310' title='bbox 1780 3318 1904 3367; x_wconf 83' lang='grc' dir='ltr'>τῶν</span> <span class='ocrx_word' id='word_1_311' title='bbox 1939 3314 2331 3382; x_wconf 86' lang='grc' dir='ltr'>ἀντιγράφων,</span> <span class='ocrx_word' id='word_1_312' title='bbox 2369 3314 2473 3367; x_wconf 88' lang='grc' dir='ltr'>οὐκ</span> <span class='ocrx_word' id='word_1_313' title='bbox 2510 3314 2722 3381; x_wconf 85' lang='grc' dir='ltr'>ἀνάγκη</span> 
     </span>
     <span class='ocr_line' id='line_1_34' title="bbox 441 3380 2721 3452; baseline -0.002 -16"><span class='ocrx_word' id='word_1_314' title='bbox 441 3388 631 3452; x_wconf 86' lang='grc' dir='ltr'>Ζητεῑν</span> <span class='ocrx_word' id='word_1_315' title='bbox 666 3382 820 3436; x_wconf 85' lang='lat' dir='ltr'><strong>Eust.</strong></span> <span class='ocrx_word' id='word_1_316' title='bbox 858 3387 974 3447; x_wconf 91' lang='grc'>743,</span> <span class='ocrx_word' id='word_1_317' title='bbox 1012 3388 1094 3441; x_wconf 82' lang='grc'>20.</span> <span class='ocrx_word' id='word_1_318' title='bbox 1131 3411 1195 3420; x_wconf 89' lang='grc'>-</span> <span class='ocrx_word' id='word_1_319' title='bbox 1236 3385 1330 3435; x_wconf 78' lang='grc'>152</span> <span class='ocrx_word' id='word_1_320' title='bbox 1366 3383 1562 3436; x_wconf 81' lang='grc' dir='ltr'>ἐπειαν</span> <span class='ocrx_word' id='word_1_321' title='bbox 1589 3381 1654 3439; x_wconf 90' lang='lat' dir='ltr'>G.</span> <span class='ocrx_word' id='word_1_322' title='bbox 1694 3412 1757 3421; x_wconf 92' lang='lat'>—</span> <span class='ocrx_word' id='word_1_323' title='bbox 1799 3387 1894 3436; x_wconf 89' lang='grc'>153</span> <span class='ocrx_word' id='word_1_324' title='bbox 1931 3383 2148 3436; x_wconf 71' lang='grc' dir='ltr'>νέαταιι</span> <span class='ocrx_word' id='word_1_325' title='bbox 2185 3383 2378 3437; x_wconf 78' lang='grc' dir='ltr'>κέαται</span> <span class='ocrx_word' id='word_1_326' title='bbox 2404 3380 2454 3433; x_wconf 91' lang='lat' dir='ltr'>H</span> <span class='ocrx_word' id='word_1_327' title='bbox 2489 3396 2558 3434; x_wconf 82' lang='lat' dir='ltr'>ex</span> <span class='ocrx_word' id='word_1_328' title='bbox 2582 3396 2721 3434; x_wconf 82' lang='lat' dir='ltr'><strong>corr.</strong></span> 
     </span>
    </p>
   </div>
   <div class='ocr_carea' id='block_1_10' title="bbox 440 3464 2724 3640">
    <p class='ocr_par' dir='ltr' id='par_1_14' title="bbox 440 3464 2724 3640">
     <span class='ocr_line' id='line_1_35' title="bbox 440 3464 2724 3579; baseline -0.002 -23"><span class='ocrx_word' id='word_1_329' title='bbox 440 3520 528 3571; x_wconf 88' lang='grc' dir='ltr'>γρ.</span> <span class='ocrx_word' id='word_1_330' title='bbox 567 3504 658 3556; x_wconf 81' lang='grc' dir='ltr'>καὶ</span> <span class='ocrx_word' id='word_1_331' title='bbox 694 3502 888 3579; x_wconf 73' lang='grc' dir='ltr'>νάει-αι</span> <span class='ocrx_word' id='word_1_332' title='bbox 921 3501 986 3553; x_wconf 88' lang='lat' dir='ltr'>A.</span> <span class='ocrx_word' id='word_1_333' title='bbox 1026 3530 1092 3538; x_wconf 91' lang='lat'>—</span> <span class='ocrx_word' id='word_1_334' title='bbox 1133 3505 1228 3553; x_wconf 80' lang='grc'>154</span> <span class='ocrx_word' id='word_1_335' title='bbox 1260 3500 1378 3554; x_wconf 81' lang='grc' dir='ltr'>ἐνθ’</span> <span class='ocrx_word' id='word_1_336' title='bbox 1413 3497 1464 3552; x_wconf 77' lang='lat' dir='ltr'>G</span> <span class='ocrx_word' id='word_1_337' title='bbox 1501 3503 1723 3554; x_wconf 71' lang='lat' dir='ltr'><strong>Bal-occ.</strong></span> <span class='ocrx_word' id='word_1_338' title='bbox 1761 3464 2120 3567; x_wconf 55' lang='lat' dir='ltr'>uokfiphtvffi.1</span> <span class='ocrx_word' id='word_1_339' title='bbox 2148 3497 2191 3551; x_wconf 91' lang='lat' dir='ltr'>L</span> <span class='ocrx_word' id='word_1_340' title='bbox 2255 3501 2343 3553; x_wconf 89' lang='lat' dir='ltr'>ost</span> <span class='ocrx_word' id='word_1_341' title='bbox 2375 3515 2481 3553; x_wconf 82' lang='lat' dir='ltr'><strong>ras.</strong></span> <span class='ocrx_word' id='word_1_342' title='bbox 2520 3499 2667 3553; x_wconf 86' lang='grc' dir='ltr'>πολύ</span> <span class='ocrx_word' id='word_1_343' title='bbox 2706 3531 2724 3541; x_wconf 84' lang='grc'>-</span> 
     </span>
     <span class='ocr_line' id='line_1_36' title="bbox 442 3565 2721 3640; baseline -0.001 -17"><span class='ocrx_word' id='word_1_344' title='bbox 442 3585 609 3640; x_wconf 88' lang='grc' dir='ltr'>ρηνες</span> <span class='ocrx_word' id='word_1_345' title='bbox 630 3571 819 3623; x_wconf 78' lang='lat' dir='ltr'><strong>oeten.</strong></span> <span class='ocrx_word' id='word_1_346' title='bbox 844 3599 907 3607; x_wconf 89' lang='lat'><strong>—</strong></span> <span class='ocrx_word' id='word_1_347' title='bbox 936 3573 1033 3623; x_wconf 90' lang='grc'>155</span> <span class='ocrx_word' id='word_1_348' title='bbox 1059 3568 1139 3634; x_wconf 87' lang='grc' dir='ltr'>κέ,</span> <span class='ocrx_word' id='word_1_349' title='bbox 1160 3569 1186 3621; x_wconf 85' lang='grc' dir='ltr'>ἑ</span> <span class='ocrx_word' id='word_1_350' title='bbox 1205 3566 1323 3621; x_wconf 91' lang='lat' dir='ltr'><strong>AH.</strong></span> <span class='ocrx_word' id='word_1_351' title='bbox 1343 3569 1434 3623; x_wconf 86' lang='grc' dir='ltr'>καί</span> <span class='ocrx_word' id='word_1_352' title='bbox 1454 3569 1481 3622; x_wconf 88' lang='grc' dir='ltr'>ἑ</span> <span class='ocrx_word' id='word_1_353' title='bbox 1499 3568 1557 3622; x_wconf 90' lang='lat' dir='ltr'><strong>L.</strong></span> <span class='ocrx_word' id='word_1_354' title='bbox 1585 3568 1639 3623; x_wconf 82' lang='grc' dir='ltr'>οἳ</span> <span class='ocrx_word' id='word_1_355' title='bbox 1663 3571 1753 3622; x_wconf 79' lang='grc' dir='ltr'>καὶ</span> <span class='ocrx_word' id='word_1_356' title='bbox 1779 3569 1806 3622; x_wconf 85' lang='grc' dir='ltr'>ἓ</span> <span class='ocrx_word' id='word_1_357' title='bbox 1826 3566 1890 3622; x_wconf 82' lang='lat' dir='ltr'><strong>G.</strong></span> <span class='ocrx_word' id='word_1_358' title='bbox 1917 3570 1996 3622; x_wconf 88' lang='grc' dir='ltr'>ὼς</span> <span class='ocrx_word' id='word_1_359' title='bbox 2014 3568 2080 3622; x_wconf 89' lang='lat' dir='ltr'>A.</span> <span class='ocrx_word' id='word_1_360' title='bbox 2104 3584 2197 3632; x_wconf 90' lang='grc' dir='ltr'>τιμ</span> <span class='ocrx_word' id='word_1_361' title='bbox 2240 3584 2385 3622; x_wconf 89' lang='grc' dir='ltr'>ςουςι</span> <span class='ocrx_word' id='word_1_362' title='bbox 2409 3565 2649 3621; x_wconf 88' lang='lat' dir='ltr'><strong>ACDEG</strong></span> <span class='ocrx_word' id='word_1_363' title='bbox 2711 3609 2721 3620; x_wconf 97' lang='lat'><strong>.</strong></span> 
     </span>
    </p>
   </div>
   <div class='ocr_carea' id='block_1_11' title="bbox 469 3685 848 3695">
    <p class='ocr_par' dir='ltr' id='par_1_15' title="bbox 469 3685 848 3695">
     <span class='ocr_line' id='line_1_37' title="bbox 469 3685 848 3695; baseline 0 1311"><span class='ocrx_word' id='word_1_364' title='bbox 469 3685 848 3695; x_wconf 95' lang='lat' dir='ltr'> </span> 
     </span>
    </p>
   </div>
   <div class='ocr_carea' id='block_1_12' title="bbox 444 3737 2729 4215">
    <p class='ocr_par' dir='ltr' id='par_1_16' title="bbox 444 3737 2729 4215">
     <span class='ocr_line' id='line_1_38' title="bbox 581 3737 2725 3804; baseline -0.002 -11"><span class='ocrx_word' id='word_1_365' title='bbox 581 3740 646 3793; x_wconf 89' lang='lat' dir='ltr'>A.</span> <span class='ocrx_word' id='word_1_366' title='bbox 684 3757 731 3792; x_wconf 86' lang='lat' dir='ltr'><strong>c.</strong></span> <span class='ocrx_word' id='word_1_367' title='bbox 796 3744 891 3793; x_wconf 86' lang='lat'>140</span> <span class='ocrx_word' id='word_1_368' title='bbox 936 3740 970 3803; x_wconf 87' lang='grc' dir='ltr'><strong>ἡ</strong></span> <span class='ocrx_word' id='word_1_369' title='bbox 1017 3740 1186 3804; x_wconf 84' lang='grc' dir='ltr'>διπλῆ</span> <span class='ocrx_word' id='word_1_370' title='bbox 1231 3738 1320 3791; x_wconf 80' lang='grc' dir='ltr'>ὅτι</span> <span class='ocrx_word' id='word_1_371' title='bbox 1364 3739 1498 3792; x_wconf 81' lang='grc' dir='ltr'>ἔνιοι</span> <span class='ocrx_word' id='word_1_372' title='bbox 1542 3738 1911 3792; x_wconf 84' lang='grc' dir='ltr'>ὑποτάςςουςι</span> <span class='ocrx_word' id='word_1_373' title='bbox 1948 3738 2096 3803; x_wconf 86' lang='grc' dir='ltr'>,,τὴν</span> <span class='ocrx_word' id='word_1_374' title='bbox 2139 3737 2247 3803; x_wconf 85' lang='grc' dir='ltr'>γὰρ</span> <span class='ocrx_word' id='word_1_375' title='bbox 2282 3737 2381 3791; x_wconf 82' lang='grc' dir='ltr'>ἀπ’</span> <span class='ocrx_word' id='word_1_376' title='bbox 2416 3737 2573 3790; x_wconf 89' lang='grc' dir='ltr'>αὖτις</span> <span class='ocrx_word' id='word_1_377' title='bbox 2611 3737 2725 3800; x_wconf 81' lang='grc' dir='ltr'>ἐγὼ</span> 
     </span>
     <span class='ocr_line' id='line_1_39' title="bbox 446 3802 2726 3875; baseline -0.003 -11"><span class='ocrx_word' id='word_1_378' title='bbox 446 3810 610 3865; x_wconf 87' lang='grc' dir='ltr'>δώςω</span> <span class='ocrx_word' id='word_1_379' title='bbox 649 3811 836 3875; x_wconf 78' lang='grc' dir='ltr'>ξανθῷ</span> <span class='ocrx_word' id='word_1_380' title='bbox 875 3807 1193 3875; x_wconf 84' lang='grc' dir='ltr'>Μενελάῳ“</span> <span class='ocrx_word' id='word_1_381' title='bbox 1230 3804 1684 3860; x_wconf 79' lang='lat' dir='ltr'><strong>Aristonicus,</strong></span> <span class='ocrx_word' id='word_1_382' title='bbox 1724 3835 1786 3843; x_wconf 93' lang='lat'>—</span> <span class='ocrx_word' id='word_1_383' title='bbox 1830 3810 1922 3857; x_wconf 87' lang='grc'>144</span> <span class='ocrx_word' id='word_1_384' title='bbox 1958 3804 2254 3872; x_wconf 81' lang='grc' dir='ltr'>ἐΰπὴκτῳ,</span> <span class='ocrx_word' id='word_1_385' title='bbox 2290 3804 2434 3858; x_wconf 85' lang='lat' dir='ltr'><strong>conf.</strong></span> <span class='ocrx_word' id='word_1_386' title='bbox 2460 3802 2528 3857; x_wconf 89' lang='lat' dir='ltr'><strong>H.</strong></span> <span class='ocrx_word' id='word_1_387' title='bbox 2553 3802 2619 3861; x_wconf 90' lang='lat' dir='ltr'><strong>U.</strong></span> <span class='ocrx_word' id='word_1_388' title='bbox 2645 3808 2726 3858; x_wconf 88' lang='grc'>85.</span> 
     </span>
     <span class='ocr_line' id='line_1_40' title="bbox 444 3870 2726 3941; baseline -0.001 -12"><span class='ocrx_word' id='word_1_389' title='bbox 444 3909 510 3916; x_wconf 78' lang='lat'>--</span> <span class='ocrx_word' id='word_1_390' title='bbox 555 3882 643 3929; x_wconf 89' lang='grc'>147</span> <span class='ocrx_word' id='word_1_391' title='bbox 691 3876 785 3930; x_wconf 78' lang='grc' dir='ltr'>ἐπὶ</span> <span class='ocrx_word' id='word_1_392' title='bbox 831 3875 1014 3941; x_wconf 89' lang='grc' dir='ltr'>μείλια</span> <span class='ocrx_word' id='word_1_393' title='bbox 1055 3873 1254 3928; x_wconf 79' lang='lat' dir='ltr'><strong>Alexio</strong></span> <span class='ocrx_word' id='word_1_394' title='bbox 1301 3874 1360 3926; x_wconf 82' lang='lat' dir='ltr'>et</span> <span class='ocrx_word' id='word_1_395' title='bbox 1401 3871 1800 3941; x_wconf 78' lang='lat' dir='ltr'><strong>Apollodorus:</strong></span> <span class='ocrx_word' id='word_1_396' title='bbox 1839 3871 2115 3937; x_wconf 85' lang='grc' dir='ltr'>ἑπιμείλια</span> <span class='ocrx_word' id='word_1_397' title='bbox 2158 3870 2539 3937; x_wconf 77' lang='lat' dir='ltr'><strong>Aristarchu8‚</strong></span> <span class='ocrx_word' id='word_1_398' title='bbox 2582 3871 2726 3926; x_wconf 82' lang='lat' dir='ltr'><strong>conf.</strong></span> 
     </span>
     <span class='ocr_line' id='line_1_41' title="bbox 445 3938 2729 4008; baseline -0.002 -11"><span class='ocrx_word' id='word_1_399' title='bbox 445 3943 682 3998; x_wconf 86' lang='lat' dir='ltr'><strong>Philem.</strong></span> <span class='ocrx_word' id='word_1_400' title='bbox 719 3942 1119 4008; x_wconf 74' lang='lat' dir='ltr'>Gramm.‘182,</span> <span class='ocrx_word' id='word_1_401' title='bbox 1157 3946 1275 3995; x_wconf 80' lang='lat'><strong>206.</strong></span> <span class='ocrx_word' id='word_1_402' title='bbox 1318 3939 1471 3994; x_wconf 89' lang='lat' dir='ltr'><strong>Eust.</strong></span> <span class='ocrx_word' id='word_1_403' title='bbox 1512 3945 1628 4006; x_wconf 78' lang='grc'>742,</span> <span class='ocrx_word' id='word_1_404' title='bbox 1665 3945 1747 3993; x_wconf 88' lang='grc'><strong>60.</strong></span> <span class='ocrx_word' id='word_1_405' title='bbox 1794 3969 1857 3978; x_wconf 94' lang='grc'><strong>-</strong></span> <span class='ocrx_word' id='word_1_406' title='bbox 1908 3946 2003 3993; x_wconf 91' lang='grc'>150</span> <span class='ocrx_word' id='word_1_407' title='bbox 2038 3938 2390 3992; x_wconf 73' lang='lat' dir='ltr'><strong>Aristarchus</strong></span> <span class='ocrx_word' id='word_1_408' title='bbox 2426 3941 2594 4007; x_wconf 72' lang='grc' dir='ltr'>Ἱρὴνι</span> <span class='ocrx_word' id='word_1_409' title='bbox 2631 3939 2729 3993; x_wconf 77' lang='lat' dir='ltr'>alii</span> 
     </span>
     <span class='ocr_line' id='line_1_42' title="bbox 446 4005 2729 4094; baseline -0.003 -27"><span class='ocrx_word' id='word_1_410' title='bbox 446 4015 611 4080; x_wconf 79' lang='grc' dir='ltr'>Ἴρην.</span> <span class='ocrx_word' id='word_1_411' title='bbox 647 4041 711 4050; x_wconf 89' lang='grc'>-</span> <span class='ocrx_word' id='word_1_412' title='bbox 753 4017 847 4065; x_wconf 83' lang='grc'>153</span> <span class='ocrx_word' id='word_1_413' title='bbox 883 4008 1234 4064; x_wconf 74' lang='lat' dir='ltr'><strong>Aristarchus</strong></span> <span class='ocrx_word' id='word_1_414' title='bbox 1268 4010 1460 4063; x_wconf 82' lang='grc' dir='ltr'>νέαται</span> <span class='ocrx_word' id='word_1_415' title='bbox 1506 4008 1658 4076; x_wconf 80' lang='grc' dir='ltr'>(ἀντὶ</span> <span class='ocrx_word' id='word_1_416' title='bbox 1701 4012 1805 4061; x_wconf 83' lang='grc' dir='ltr'>τοῦ</span> <span class='ocrx_word' id='word_1_417' title='bbox 1849 4009 2118 4066; x_wconf 75' lang='grc' dir='ltr'>νέονται)ε</span> <span class='ocrx_word' id='word_1_418' title='bbox 2154 4005 2486 4094; x_wconf 51' lang='lat' dir='ltr'><strong>Apollonius</strong></span> <span class='ocrx_word' id='word_1_419' title='bbox 2522 4009 2729 4062; x_wconf 88' lang='grc' dir='ltr'>κέαται.</span> 
     </span>
     <span class='ocr_line' id='line_1_43' title="bbox 447 4075 2728 4145; baseline -0.002 -12"><span class='ocrx_word' id='word_1_420' title='bbox 447 4083 479 4133; x_wconf 90' lang='grc' dir='ltr'>ό</span> <span class='ocrx_word' id='word_1_421' title='bbox 524 4082 584 4133; x_wconf 84' lang='grc' dir='ltr'>δὲ</span> <span class='ocrx_word' id='word_1_422' title='bbox 622 4080 880 4145; x_wconf 86' lang='grc' dir='ltr'>Νικάνωρ</span> <span class='ocrx_word' id='word_1_423' title='bbox 926 4080 1105 4145; x_wconf 84' lang='grc' dir='ltr'>ὄνομά</span> <span class='ocrx_word' id='word_1_424' title='bbox 1150 4093 1285 4143; x_wconf 88' lang='grc' dir='ltr'>φηςι</span> <span class='ocrx_word' id='word_1_425' title='bbox 1326 4077 1396 4130; x_wconf 88' lang='grc' dir='ltr'>τὸ</span> <span class='ocrx_word' id='word_1_426' title='bbox 1441 4077 1661 4142; x_wconf 85' lang='grc' dir='ltr'>νέαται,</span> <span class='ocrx_word' id='word_1_427' title='bbox 1710 4076 1789 4130; x_wconf 83' lang='grc' dir='ltr'>ὡς</span> <span class='ocrx_word' id='word_1_428' title='bbox 1826 4077 2040 4142; x_wconf 84' lang='grc' dir='ltr'>,,τηλοῠ</span> <span class='ocrx_word' id='word_1_429' title='bbox 2085 4075 2179 4129; x_wconf 83' lang='grc' dir='ltr'>ἐπ’</span> <span class='ocrx_word' id='word_1_430' title='bbox 2241 4075 2516 4143; x_wconf 82' lang='grc' dir='ltr'>Αλφειοῠ,</span> <span class='ocrx_word' id='word_1_431' title='bbox 2553 4076 2728 4143; x_wconf 87' lang='grc' dir='ltr'>νεάτη</span> 
     </span>
     <span class='ocr_line' id='line_1_44' title="bbox 446 4142 2729 4215; baseline -0.001 -16"><span class='ocrx_word' id='word_1_432' title='bbox 446 4148 644 4200; x_wconf 92' lang='grc' dir='ltr'>Πύλου</span> <span class='ocrx_word' id='word_1_433' title='bbox 722 4149 1067 4211; x_wconf 86' lang='grc' dir='ltr'>μαθόεντος“</span> <span class='ocrx_word' id='word_1_434' title='bbox 1104 4146 1169 4215; x_wconf 94' lang='grc' dir='ltr'>(Λ</span> <span class='ocrx_word' id='word_1_435' title='bbox 1194 4146 1315 4211; x_wconf 81' lang='grc'><strong>712)</strong></span> <span class='ocrx_word' id='word_1_436' title='bbox 1342 4143 1522 4198; x_wconf 86' lang='lat' dir='ltr'><strong>Schol.</strong></span> <span class='ocrx_word' id='word_1_437' title='bbox 1548 4143 1610 4198; x_wconf 92' lang='lat' dir='ltr'><strong>L.</strong></span> <span class='ocrx_word' id='word_1_438' title='bbox 1644 4174 1712 4182; x_wconf 95' lang='lat'>—</span> <span class='ocrx_word' id='word_1_439' title='bbox 1752 4150 1845 4197; x_wconf 90' lang='grc'>154</span> <span class='ocrx_word' id='word_1_440' title='bbox 1870 4144 1959 4196; x_wconf 84' lang='grc' dir='ltr'>διὰ</span> <span class='ocrx_word' id='word_1_441' title='bbox 1981 4147 2086 4197; x_wconf 79' lang='grc' dir='ltr'>τοῦ</span> <span class='ocrx_word' id='word_1_442' title='bbox 2113 4142 2308 4210; x_wconf 86' lang='grc' dir='ltr'>ἑτέρου</span> <span class='ocrx_word' id='word_1_443' title='bbox 2344 4150 2391 4210; x_wconf 69' lang='grc' dir='ltr'>’β</span> <span class='ocrx_word' id='word_1_444' title='bbox 2428 4145 2498 4197; x_wconf 85' lang='grc' dir='ltr'>τό</span> <span class='ocrx_word' id='word_1_445' title='bbox 2524 4146 2729 4211; x_wconf 89' lang='grc' dir='ltr'>πολύρ-</span> 
     </span>
    </p>
   </div>
   <div class='ocr_carea' id='block_1_13' title="bbox 448 4210 2728 4346">
    <p class='ocr_par' dir='ltr' id='par_1_17' title="bbox 448 4210 2728 4346">
     <span class='ocr_line' id='line_1_45' title="bbox 448 4210 2728 4335; baseline -0.001 -69"><span class='ocrx_word' id='word_1_446' title='bbox 448 4230 613 4279; x_wconf 89' lang='grc' dir='ltr'>ρηνες</span> <span class='ocrx_word' id='word_1_447' title='bbox 661 4230 697 4267; x_wconf 93' lang='grc' dir='ltr'>α</span> <span class='ocrx_word' id='word_1_448' title='bbox 720 4214 1089 4335; x_wconf 39' lang='grc' dir='ltr'>Ῑιἑᾴριῖςᾲιᾶάρχου</span> <span class='ocrx_word' id='word_1_449' title='bbox 1135 4212 1480 4281; x_wconf 78' lang='lat' dir='ltr'><strong>Didymus,</strong></span> <span class='ocrx_word' id='word_1_450' title='bbox 1523 4243 1589 4253; x_wconf 93' lang='lat'>—</span> <span class='ocrx_word' id='word_1_451' title='bbox 1638 4217 1732 4266; x_wconf 88' lang='grc'>155</span> <span class='ocrx_word' id='word_1_452' title='bbox 1775 4210 2103 4279; x_wconf 86' lang='grc' dir='ltr'>ἀρίςταρχος</span> <span class='ocrx_word' id='word_1_453' title='bbox 2146 4212 2474 4279; x_wconf 85' lang='grc' dir='ltr'>τιμήςονται</span> <span class='ocrx_word' id='word_1_454' title='bbox 2522 4211 2728 4278; x_wconf 81' lang='lat' dir='ltr'>Didy-</span> 
     </span>
     <span class='ocr_line' id='line_1_46' title="bbox 449 4296 948 4346; baseline 0.008 -15"><span class='ocrx_word' id='word_1_455' title='bbox 449 4296 617 4346; x_wconf 84' lang='lat' dir='ltr'><strong>mus,</strong></span> <span class='ocrx_word' id='word_1_456' title='bbox 654 4296 718 4333; x_wconf 87' lang='grc' dir='ltr'>οο</span> <span class='ocrx_word' id='word_1_457' title='bbox 785 4320 798 4334; x_wconf 92' lang='grc'><strong>.</strong></span> <span class='ocrx_word' id='word_1_458' title='bbox 936 4322 948 4335; x_wconf 95' lang='grc'><strong>.</strong></span> 
     </span>
    </p>
   </div>
  </div>
 </body>
</html>
