3144 5006
475 388 559 453 70
676 464 689 476 ‚
1397 385 1727 443 ιΛιΑΔος
1773 385 1837 441 Β.

475 547 602 605 860
644 540 799 607 ἀλλ’
843 541 1042 622 ἐδάμη
1088 542 1218 609 ὑπὸ
1264 542 1436 621 χερςὶ
1477 540 1809 605 ποδώκεος
1853 538 2152 605 Αἰακίδαο

647 643 718 709 ἐν
764 650 1068 726 ποταμῷ,
1115 642 1217 709 ὅθι
1259 662 1380 721 περ
1424 643 1648 722 Τρῶας
1694 640 1938 721 κεράιζε
1980 644 2083 708 καὶ
2126 641 2383 707 ἄλλους.

816 745 1069 825 Φόρκυς
1112 744 1195 809 αὖ
1237 743 1495 823 Φρύγας
1537 744 1653 828 ἦγε
1698 744 1798 807 καὶ
1842 744 2166 810 Ἀςκάνιος
2215 745 2503 823 θεοειδὴς

648 848 794 926 τῆλ’
837 846 903 915 ἐξ
947 847 1299 924 Ἀςκανίης·
1345 844 1625 924 μέμαςαν
1669 845 1737 912 δ’
1782 844 1985 925 ὑςμῑνι
2029 847 2349 927 μάχεςθαι.

820 950 1064 1033 Μῄοςιν
1108 945 1190 1011 αὗ
1236 947 1528 1027 Μέςθλης
1569 968 1640 1013 τε
1682 948 1786 1013 καὶ
1825 948 2135 1029 Ἄντιφος
2177 947 2567 1027 ἡγηςάςθην,

478 1056 599 1115 865
647 1049 744 1116 υἷε
787 1041 1375 1129 Ταλαιμένεος,’τὼ
1424 1048 1652 1130 Γυγαίη
1696 1051 1837 1115 τέκε
1882 1050 2100 1131 λίμνη,

650 1154 723 1237 οἳ,
758 1152 859 1217 καὶ
904 1152 1174 1235 Μῄονας
1217 1151 1381 1231 ἦγον
1426 1151 1556 1218 ὑπὸ
1601 1152 1853 1235 Τμώλῳ
1897 1159 2245 1228 γεγαῶτας.

817 1251 1060 1330 Νάςτης
1103 1251 1186 1317 αὖ
1235 1253 1459 1333 Καρῶν
1503 1253 1783 1333 ἡγήςατο
1831 1254 2402 1335 βαρβαροφώνων,

649 1356 713 1418 οἳ
760 1352 1047 1432 Μίλητον
1080 1354 1248 1435 ἔχον
1296 1354 1552 1433 Φθιρῶν
1597 1356 1661 1419 τ’
1704 1353 1862 1434 ὄρος
1906 1355 2385 1436 ἀκριτόφυλλον

648 1456 1027 1535 Μαιάνδρου
1069 1477 1140 1521 τε
1185 1456 1344 1536 ῥοὰς
1390 1456 1695 1537 Μυκάλης
1736 1457 1801 1520 τ’
1845 1456 2098 1523 αἰπεινὰ
2141 1457 2413 1537 κάρηνα·

480 1564 606 1623 870
649 1564 780 1624 τῶν
825 1559 940 1638 μὲν
985 1558 1097 1638 ἄρ’
1143 1556 1534 1639 Ἀμφίμαχος
1578 1559 1683 1624 καὶ
1727 1558 1970 1639 Νάςτης
2012 1559 2404 1643 ἡγηςάςθην,

653 1660 897 1740 Νάςτης
942 1660 1334 1741 Ἀμφίμαχός
1372 1668 1476 1741 τε,
1526 1660 1849 1741 Νομίονος
1893 1659 2104 1737 ἀγλαὰ
2145 1661 2365 1738 τέκνα,

652 1763 729 1828 ὃς
771 1762 872 1827 καὶ
915 1761 1153 1842 χρυςὸν
1199 1760 1371 1841 ἔχων
1417 1763 1704 1841 πόλεμον
1749 1764 1815 1827 δ’
1856 1761 1990 1839 ἴεν,
2034 1762 2188 1842 ἠύτε
2231 1764 2458 1843 κούρη,

647 1865 912 1944 νήπιος,
959 1863 1114 1930 οὐδέ
1157 1862 1217 1928 τί
1259 1863 1322 1930 οἱ
1369 1865 1444 1930 τό
1487 1866 1557 1942 γ’
1602 1864 1904 1945 ἐπήρκεςε
1947 1866 2191 1945 λυγρὸν
2236 1850 2558 1945 ὄλεθρον,’

616 2065 686 2155 V:
724 2086 788 2152 1..⁹
826 2071 922 2121 861
962 2071 1150 2187 muzae
1194 2058 1482 2134 κεραΐζετο
1524 2067 1733 2123 ἄλλους
1770 2066 1836 2121 G.
1878 2104 1943 2113 -
1984 2072 2083 2121 862
2120 2068 2215 2122 αὖε
2262 2069 2324 2122 δὲ
2367 2065 2568 2122 Strabo
2610 2065 2764 2155 XIV3

479 2140 595 2189 680.
633 2135 666 2188 δ
720 2150 792 2187 αυ
827 2133 1012 2188 Schol.
1132 2140 1246 2189 793.
1284 2164 1349 2173 -
1397 2140 1497 2189 863
1530 2136 1731 2204 ὑςμίνῃ
1770 2134 1881 2190 GL.
1930 2165 1996 2175 —
2028 2141 2130 2191 864
2166 2137 2380 2204 μηιόςιν
2415 2134 2469 2190 S.
2516 2136 2678 2202 μήοςι
2713 2138 2746 2189 δ

483 2254 553 2308 αὖ
601 2252 666 2306 G.
725 2282 789 2292 —
848 2257 950 2307 865
994 2253 1394 2340 Γαλαιμένεοςε
1443 2254 1816 2320 πυλαιμὲνεος
1863 2252 1918 2307 S.
1964 2255 2312 2321 πηλεμένεος
2357 2252 2423 2308 G.
2482 2213 2657 2320 Tun-‘2⁸11
2703 2252 2764 2308 C.

481 2320 2768 2469 ffli‘zzff·..253332252232‘12223‘inffaasszfffizaaessssaeaeassffl

481 2458 780 2525 τιγράφων
819 2457 965 2512 Νάςτ
1009 2473 1036 2510 ς
1072 2456 1194 2523 δίχα
1232 2462 1336 2512 τοῦ
1386 2477 1419 2513 υ
1464 2456 1621 2514 Ense.
1647 2463 1764 2524 367,
1798 2464 1840 2511 1.
1867 2489 1923 2497 -
1954 2460 2055 2513 868
2081 2461 2303 2526 φθιρῶν
2328 2455 2474 2513 ACG
2499 2456 2654 2511 Vrat.
2680 2457 2763 2511 b.:

483 2529 737 2593 φθειρῶν
770 2523 955 2578 EHLS
1049 2524 1234 2593 esych.
1273 2524 1369 2590 1V,
1405 2531 1523 2581 240.
1562 2526 1748 2585 Schol.
1788 2528 1826 2581 Β
1864 2533 1981 2580 494.
2019 2525 2173 2579 Euat.
2210 2531 2326 2591 263,
2365 2533 2448 2581 23.
2494 2526 2695 2582 Μυκάλ
2738 2544 2765 2581 c

483 2596 561 2646 τί
599 2594 940 2660 Μυκαληςοῡ
976 2594 1029 2645 τ’
1073 2591 1256 2649 Schol.
1303 2595 1342 2647 Β
1380 2600 1495 2651 494.
1543 2624 1609 2631 -
1655 2599 1753 2648 869
1799 2597 1863 2648 τὲ
1906 2596 2042 2662 ῥοὰς
2088 2592 2254 2648 ACH.
2294 2629 2358 2638 —
2401 2597 2504 2650 870
2538 2594 2606 2659 ἂρ
2643 2591 2688 2646 G
2751 2635 2763 2648 .

486 2714 557 2780 ἀρ
592 2711 657 2762 Α.
694 2712 936 2779 ναὺςτης
973 2710 1032 2765 C.
1062 2741 1136 2754 -—
1170 2717 1269 2765 871
1307 2712 1603 2779 νομείονος
1638 2712 1707 2767 Η.
1735 2743 1797 2751 -
1834 2718 1934 2766 872
1970 2713 2032 2766 ὃς
2068 2715 2137 2780 δὴ
2173 2714 2379 2780 χρυςὸν
2415 2709 2481 2769 G.
2528 2674 2660 2778 ἔχιέν
2695 2711 2765 2766 H.

484 2781 737 2844 πόλεμον
780 2780 831 2833 δ’
864 2778 1033 2836 AHL.
1079 2809 1141 2819 -
1188 2785 1289 2835 873
1335 2782 1469 2836 οὐδέ
1513 2797 1567 2835 τι
1613 2780 1666 2836 οἱ
1712 2779 1885 2835 AGH.
1931 2781 2053 2836 οὐδ’
2095 2783 2179 2836 ἐτι
2212 2779 2359 2835 011..
2405 2781 2476 2834 τό
2521 2784 2598 2847 γέ
2644 2780 2766 2835 τόδ’

486 2845 852 2917 Pseudoplut.
893 2854 1007 2914 140,
1041 2855 1125 2903 40.
2793 2874 2798 2880 -

486 2974 517 2980 .-
554 2974 623 2980 ..q-
640 2974 863 2981 -—-*>.-

620 3036 687 3090 A.
723 3054 772 3092 c.
824 3040 940 3100 860,
975 3040 1069 3089 861
1109 3036 1445 3091 ἀθετοῦνται
1480 3036 1796 3104 ἀμφότεροι
1828 3036 2284 3094 Aristonicus,
2318 3065 2384 3076 -
2418 3041 2519 3091 864
2552 3037 2773 3101 Μήοςιν

488 3106 548 3159 et
584 3105 818 3170 Μήονας
854 3102 1183 3157 Heraclides
1218 3104 1377 3171 (ἄνευ
1412 3108 1516 3158 τοῦ
1554 3105 1599 3172 ἶ)
1636 3103 1788 3173 apud
1823 3103 1977 3158 Eunt.
2015 3110 2134 3169 365,
2171 3109 2255 3158 27.
2292 3105 2572 3172 Μέςθληςε
2620 3105 2771 3159 τινὲς

488 3175 579 3227 καὶ
617 3174 881 3239 Μέςτρην
925 3172 1235 3238 γράφεςθαι
1278 3172 1448 3237 φαςίν
1493 3170 1648 3225 Eust.
1685 3176 1802 3236 366,
1843 3176 1921 3225 11.
1966 3201 2031 3210 —-—
2076 3177 2179 3225 865
2217 3172 2443 3240 Γυγαίηε
2491 3172 2770 3239 γράφεται

486 3243 548 3296 δὲ
596 3241 659 3294 ἐν
702 3245 822 3293 τοῖς
869 3237 1107 3304 ςχολίοις
1157 3241 1248 3292 καὶ
1295 3241 1383 3292 ὅτι
1428 3242 1463 3305 ἡ
1513 3240 1942 3305 Μαςςαλιωτικὴ
1989 3240 2197 3294 ἔκδοςις
2241 3240 2368 3293 ἀντὶ
2414 3245 2518 3293 τοο
2565 3238 2766 3306 Γυγαίη
2869 3270 2879 3277 -

490 3310 657 3374 λίμνη
693 3306 939 3373 γυραίως
976 3306 1264 3375 (γυραίηῖ)
1303 3309 1456 3373 εἶχεν
1500 3306 1654 3360 Euat.
1691 3312 1808 3369 366,
1850 3313 1927 3362 12.
1983 3307 2080 3372 λίμ
2188 3306 2563 3360 Aristarchus:
2601 3307 2766 3374 λίμνῃ

488 3373 717 3428 Chaeris
753 3375 813 3427 et
845 3371 1140 3428 Diodorus.
1191 3375 1246 3428 οἱ
1282 3377 1344 3429 δὲ
1379 3378 1693 3441 ςχολιαςταί
1736 3376 1806 3429 τὸ
1845 3377 1946 3438 μὲν
1985 3377 2128 3438 Γυγα
2151 3393 2187 3443 η
2232 3375 2486 3441 δέχονται
2522 3376 2646 3430 κατ’
2679 3375 2769 3428 εὐ-

487 3447 645 3497 θεῖαν
682 3446 917 3504 πτῶςιν,
954 3443 1024 3493 τὸ
1060 3443 1125 3500 δὲ
1156 3442 1322 3510 λίμνη
1361 3444 1503 3497 κατὰ
1538 3443 1773 3508 δοτικήν
1809 3442 1961 3496 Euat.
1997 3448 2114 3505 366,
2152 3449 2199 3497 3.
2252 3444 2470 3511 ἀρέςκει
2514 3447 2634 3497 τοῖς
2669 3457 2770 3497 πα-

494 3511 802 3577 λαιοτέροις
841 3510 1065 3563 εὐθεῖαν
1102 3511 1247 3564 εἶναι
1284 3513 1374 3565 καὶ
1410 3514 1480 3565 τὸ
1507 3514 1692 3579 λίμνη,
1731 3513 1874 3565 καθὰ
1910 3513 2002 3564 καὶ
2036 3513 2107 3565 τὸ
2147 3509 2347 3578 Γυγαίη
2385 3509 2544 3564 Euat.
2564 3515 2684 3575 366,
2719 3513 2769 3563 8.

494 3609 555 3617 ——-
582 3583 682 3632 866
709 3577 1129 3645 προςγράφουςί
1162 3594 1311 3632 τινες
1346 3584 1521 3633 τοῦτο
1556 3580 1837 3645 τέταρτον
1871 3580 2008 3633 ἔπος
2046 3579 2311 3646 ,,Τμώλῳ
2348 3578 2463 3633 ὑπὸ
2501 3579 2774 3644 νιφόεντι,

493 3648 668 3714 Ὕδης
707 3647 771 3699 ἐν
806 3645 959 3700 πίονι
994 3646 1214 3712 δὴμψιι.
1250 3646 1481 3712 οὐδεμία
1515 3648 1567 3701 δ’
1604 3647 1911 3716 εὑρίςκεται
1933 3648 2077 3714 “Yon
2114 3648 2178 3701 ἐν
2203 3654 2323 3702 τοῖς
2348 3648 2548 3700 Λυδοῖς
2573 3645 2774 3700 Strabo

491 3713 644 3778 XIII,
682 3718 798 3766 626.
836 3716 872 3780 ή
910 3714 970 3766 δὲ
1004 3716 1130 3767 κατ’
1165 3713 1392 3781 Εὐριπίδ
1433 3732 1466 3766 ν
1504 3716 1646 3781 μετὰ
1682 3717 1789 3769 τὸν
1824 3714 2018 3781 τρίτον
2053 3715 2257 3781 ςτίχον,
2293 3716 2362 3769 οῦ
2401 3716 2541 3782 ἀρχὴ
2577 3716 2648 3768 τὸ
2684 3713 2775 3780 ,,οἳ

492 3785 583 3838 καὶ
620 3783 860 3851 Μῄονας
903 3783 1085 3845 ἦγον“
1122 3782 1327 3850 γράφει
1369 3799 1403 3836 τ
1468 3798 1645 3850 αρτον
1690 3788 1899 3838 τοῦτον
1946 3784 2089 3836 κατὰ
2134 3788 2314 3850 ςχῆμα
2354 3782 2774 3850 ἑπαναλὴψεως

490 3852 755 3920 ,,“Γμώλῳ
802 3849 917 3903 ὑπὸ
962 3851 1242 3916 νιφόεντι,
1291 3851 1465 3918 Ὕδης
1509 3852 1571 3904 ἐν
1617 3850 1769 3906 πίονι
1812 3852 2014 3918 δήμῳ“
2061 3849 2215 3905 Euat.
2262 3854 2381 3915 366,
2422 3857 2500 3905 13.
2557 3880 2621 3890 —-
2674 3854 2776 3905 868

490 3919 720 3987 Φθιρῶν
755 3917 1123 3983 Herodianum,
1157 3917 1304 3973 conf.
1340 3916 1495 3973 Eust.
1531 3923 1648 3985 368,
1691 3925 1768 3973 12.
1807 3917 1987 3973 Cram.
2023 3918 2126 3972 An.
2153 3916 2255 3975 Ox.
2294 3916 2365 3985 ΙΙ,
2402 3923 2485 3983 41,
2526 3923 2588 3972 17
2601 3939 2619 3984 ;
2660 3921 2774 3981 133,

495 3993 583 4052 19ς
621 3992 748 4053 274,
787 3992 835 4041 7.
872 3984 961 4042 Et.
998 3984 1112 4055 Mg.
1153 3990 1279 4052 792,
1316 3991 1400 4040 43.
1449 4016 1515 4026 -
1561 3993 1687 4052 870,
1724 3992 1817 4041 871
1861 3988 1950 4040 ὅτι
1985 3987 2079 4040 ἐπὶ
2124 3991 2230 4040 τοῦ
2271 3987 2622 4053 Ἀμφιμάχου
2657 3986 2778 4041 ἑςτί

489 4056 559 4108 τὸ
596 4055 700 4121 „ec
736 4056 827 4109 καὶ
863 4054 1067 4120 χρυςὸν
1102 4054 1310 4131 ἔχυιν“.
1367 4056 1400 4108 ὁ
1434 4054 1497 4109 δὲ
1534 4054 1843 4121 (ιμωνίδης
1890 4055 1983 4108 ἐπὶ
2029 4059 2132 4109 τοο
2174 4054 2394 4131 Νάςτου
2440 4054 2590 4118 λέγει
2633 4052 2777 4108 Ari-

490 4122 818 4177 stonicus,
872 4120 1099 4175 videtur
1131 4139 1151 4174 ι
1215 4122 1310 4175 tzur
1344 4120 1660 4176 Simonides
1693 4121 1793 4176 hos
1831 4137 2022 4175 versus
2045 4136 2158 4175 non
2194 4120 2413 4190 legisse.
2441 4151 2507 4160 -
2530 4125 2650 4187 874,
2676 4126 2778 4176 875

490 4188 550 4239 in
586 4188 705 4242 cod.
736 4189 784 4241 A
808 4188 973 4243 obelo
997 4191 1170 4243 notan
1238 4207 1279 4244 r.
1316 4189 1607 4245 intercidit
1629 4189 1898 4244 scholium
1926 4187 2224 4242 Aristonici
2249 4187 2506 4241 socordia.
2526 4188 2775 4254 librarii3

491 4270 623 4306 nam
678 4256 723 4308 si
768 4255 1121 4311 Aristarchus
1167 4274 1359 4311 versus
1410 4263 1535 4324 860,
1584 4264 1677 4312 861
1742 4257 1986 4310 Homero
2030 4255 2476 4321 abiudicaverat,
2523 4255 2625 4310 hos
2672 4272 2778 4325 pro

493 4320 753 4390 genuinis
786 4322 995 4377 habere
1032 4341 1141 4378 non
1179 4326 1380 4393 potuit.
