3144 5006
427 374 555 442 382
1351 377 1682 436 ιΛιΑΔος
1742 381 1802 436 Ω.

595 533 697 598 καί
743 533 807 598 οἱ
851 540 1064 620 θνητῷ
1111 536 1283 602 ἐόντι
1324 537 1479 603 θεὰν
1523 536 1795 616 ποίηςαν
1840 535 2100 603 ἄκοιτιν.

597 632 739 699 ἀλλ’
784 637 889 702 ἐπὶ
932 638 1032 702 καὶ
1075 644 1167 721 τῷ
1212 633 1362 717 θῆκε
1408 639 1556 704 θεὸς
1602 640 1830 724 κακόν,
1875 639 2009 704 ὅττί
2054 639 2118 704 οἱ
2163 639 2242 704 οὔ
2287 663 2346 705 τι

598 737 848 804 παίδων
893 739 965 805 ἐν
1010 739 1333 820 μεγάροιςι
1375 742 1539 819 γονὴ
1585 741 1812 817 γένετο
1859 742 2240 825 κρειόντων,

427 842 553 902 540
595 836 739 903 ἀλλ’
784 840 900 906 ἕνα
945 844 1146 906 παῖδα
1187 843 1368 907 τέκεν
1414 844 1821 921 παναώριον·
1869 843 2022 909 οὐδέ
2066 865 2144 909 νυ
2186 843 2304 909 τόν
2349 863 2424 919 γε

596 941 997 1019 γηράςκοντα
1039 944 1305 1026 κομίζω,
1351 942 1492 1009 ἐπεὶ
1536 944 1706 1023 μάλα
1748 947 1968 1024 τηλόθι
2014 946 2256 1025 πάτρη(

594 1041 743 1122 ἧμαι
787 1042 883 1108 ἑνὶ
926 1044 1121 1129 Τροίῃ
1166 1045 1231 1109 ςέ
1274 1064 1342 1109 τε
1386 1046 1606 1125 κήδων
1649 1045 1765 1125 ἠδὲ
1810 1049 1886 1112 ςὰ
1929 1049 2140 1114 τέκνα.
2199 1073 2206 1080 ·

599 1145 701 1209 καὶ
747 1146 812 1209 ςὲ
856 1146 1052 1225 γέρον
1095 1146 1172 1210 τὸ
1218 1148 1369 1226 πρὶν
1415 1148 1531 1228 μὲν
1579 1147 1902 1229 ἀκούομεν
1947 1148 2171 1229 ὄλβιον
2215 1146 2412 1214 εἶναι·

597 1243 786 1311 ὅςςον
830 1247 1067 1328 Λέςβος
1108 1247 1275 1325 ἄνω,
1325 1249 1634 1329 Μάκαρος
1678 1250 1862 1333 ἕδος,
1910 1250 2094 1315 ἐντὸς
2139 1250 2345 1330 ἐέργει

422 1353 551 1412 545
596 1348 699 1411 καὶ
741 1349 983 1430 Φρυγίη
1029 1352 1385 1430 καθύπερθε
1431 1353 1531 1417 καὶ
1576 1350 2043 1433 Ἑλλήςποντος
2089 1350 2408 1433 ἀπείρων,

595 1454 727 1515 τῶν
774 1470 839 1515 ςε
883 1451 1080 1530 γέρον
1126 1453 1390 1538 πλούτῳ
1438 1474 1506 1519 τε
1552 1456 1655 1519 καὶ
1698 1454 1861 1520 υἱάςι
1908 1454 2059 1535 φαςὶ
2102 1454 2411 1519 κεκάςθαι.

598 1550 801 1631 αὐτὰρ
845 1552 985 1618 ἐπεί
1027 1575 1127 1619 τοι
1172 1560 1351 1634 πῆμα
1393 1556 1528 1621 τόδ’
1572 1556 1819 1635 ἤγαγον
1865 1555 2311 1639 Οὐρανίωνες,

597 1652 714 1718 αἰεί
756 1674 857 1718 τοι
902 1655 1044 1734 περὶ
1088 1655 1239 1722 ἄςτυ
1284 1656 1477 1737 μάχαι
1519 1657 1575 1722 τ’
1620 1656 2065 1736 ἀνδροκταςίαι
2109 1660 2222 1736 τε.ζ

595 1755 869 1838 ἄνςχεο,
914 1758 995 1836 μὴ
1041 1758 1099 1821 δ’
1142 1757 1440 1826 ἀλίαςτον
1485 1759 1726 1839 ὀδύρεο
1770 1760 1883 1827 ςὸν
1928 1760 2090 1825 κατὰ
2133 1758 2366 1841 θυμόν·

434 1862 560 1921 550
606 1857 686 1922 οὐ
729 1858 854 1936 γάρ
896 1878 954 1921 τι
998 1860 1253 1939 πρήξεις
1299 1859 1700 1941 ἀκαχήμενος
1745 1860 1886 1926 υἷος
1929 1860 2112 1944 ἑῆος,

421 1983 431 1993 ·
599 1958 752 2023 οὐδέ
797 1980 903 2040 μιν
948 1960 1307 2045 ἀνςτήςεις,
1353 1964 1505 2042 πρὶν
1551 1964 1652 2028 καὶ
1696 1964 1893 2029 κακὸν
1939 1962 2102 2028 ἄλλο
2148 1962 2454 2047 πάθῃςθα.

772 2061 889 2126 τὸν
936 2064 993 2128 δ’
1036 2063 1304 2144 ἠμείβετ’
1347 2065 1565 2130 ἔπειτα
1609 2066 1822 2145 γέρων
1867 2065 2158 2145 Πρίαμος
2202 2065 2529 2144 θεοειδής·

602 2163 683 2244 μή
729 2165 836 2229 πώ
885 2166 945 2244 μ’
990 2165 1055 2230 ἐς
1099 2166 1339 2245 θρόνον
1378 2165 1474 2234 ἵζε
1519 2167 1892 2250 διοτρεφές,
1938 2164 2118 2249 ὄφρά
2162 2187 2272 2232 κεν
2318 2163 2567 2247 Ἕκτωρ

595 2270 772 2345 κῆται
819 2268 916 2333 ἐνὶ
960 2267 1251 2352 κλιςίῃςιν
1297 2266 1560 2349 ἀκηδής,
1609 2267 1776 2334 ἀλλὰ
1821 2269 2090 2351 τάχιςτα,

443 2371 564 2429 555
613 2371 838 2452 λῦςον,
882 2368 967 2435 ἵν’
1011 2368 1436 2451 ὀφθαλμοῖςιν
1480 2369 1632 2435 ἴδω·
1682 2371 1754 2437 ςύ
1799 2372 1871 2436 δὲ
1916 2370 2087 2435 δέξαι
2130 2369 2372 2436 ἄποινα

562 2554 629 2608 V.
669 2575 717 2609 1..
787 2520 887 2611 538
933 2558 1025 2611 ἔπι
1069 2558 1133 2613 A.
1189 2557 1280 2611 ἐπι
1325 2555 1392 2609 D.
1443 2557 1569 2611 ὅττί
1616 2558 1670 2611 οἱ
1715 2558 1778 2616 A.
1832 2560 1919 2612 ὅτι
1956 2557 2009 2612 οἱ
2045 2557 2107 2610 Ε.
2161 2559 2320 2611 οὔτοι
2354 2555 2522 2609 Vrat.
2561 2556 2616 2610 d.
2657 2586 2726 2597 —

426 2629 526 2678 540
579 2626 734 2679 παῖδ’
784 2626 942 2679 ἔτεκε
995 2622 1143 2691 Lips.
1206 2627 1359 2690 παῖδ’
1411 2626 1604 2679 ἔτεκεν
1658 2627 1708 2677 A
1753 2624 1844 2679 oll.
1902 2624 2072 2694 Soph.
2131 2631 2252 2691 127,
2309 2631 2391 2679 13.
2457 2626 2589 2679 τέκε
2664 2624 2726 2679 C.

425 2692 755 2772 πανᾶώριον
792 2696 858 2749 A.
897 2693 1065 2747 τόνδε
1100 2691 1249 2761 Lips.
1275 2721 1337 2731 —
1374 2698 1472 2746 542
1511 2692 1660 2760 εἷμαι
1736 2692 1880 2749 chol.
1920 2694 1965 2749 Ο
2005 2700 2084 2748 10.
2122 2695 2204 2747 ἐνι
2242 2691 2357 2750 AD.
2393 2692 2543 2747 ΕΝΕΙ
2579 2690 2724 2761 Pap.

428 2798 474 2847 1.
513 2810 661 2847 man.
696 2793 802 2850 ΕΝΙ
842 2800 891 2848 2.
930 2811 1076 2848 man.
1126 2824 1189 2833 —
1235 2799 1336 2849 543
1371 2811 1484 2849 τοπ
1517 2795 1579 2848 ῖν
1616 2793 1672 2848 C.
1717 2825 1783 2833 —
1829 2800 1930 2849 544
1976 2796 2102 2850 δςος
2150 2793 2203 2852 S.
2249 2795 2447 2859 λέςβου
2482 2792 2545 2846 L.
2591 2793 2722 2846 ἄνω

425 2863 607 2916 omitt.
643 2862 702 2915 L.
742 2864 1011 2930 μακάρων
1046 2861 1194 2930 Lips.
1234 2860 1433 2916 Suidas
1499 2903 1511 2929 ‚
1552 2869 1599 2929 1,
1634 2867 1754 2929 456,
1795 2869 1873 2916 12.
1909 2861 2018 2916 Dio
2056 2861 2338 2930 chrysost.
2378 2860 2468 2919 Or.
2506 2858 2717 2914 XXIII.

424 2996 758 3052 Plutarchus
793 2998 864 3053 de
901 2997 1086 3052 Exilio
1126 3004 1204 3057 10.
1250 2943 1592 3054 ΜΑΚΑΡὲΙὲΙ
1626 2997 1762 3067 Pap.
1814 2998 1922 3066 (ων
1958 3003 2008 3051 2.
2043 3000 2217 3065 man.)
2265 2997 2512 3065 μάκαρος
2550 3000 2722 3052 πόλις

427 3130 629 3188 Sssrabo
664 3132 814 3199 XIII,
854 3140 969 3189 586.
1007 3164 1073 3174 -
1110 3138 1209 3188 545
1247 3134 1487 3202 φρυγίης
1523 3133 1684 3188 Vrat.
1722 3135 1789 3187 A.
1826 3078 2359 3191 ΕΛΛΗΕΠΟΝΤΟΙΕ
2398 3132 2535 3203 Pap.
2589 3132 2627 3187 C
2667 3139 2718 3187 2.

425 3217 573 3255 man.
599 3200 725 3260 add.
766 3204 1132 3258 ἑλλίςποντος
1157 3201 1217 3256 L.
1241 3231 1307 3241 —
1345 3208 1444 3256 546
1480 3207 1564 3255 τῶ
1602 3200 1722 3256 AD.
1758 3202 1851 3256 ΤΩ
1874 3201 2016 3269 Pap.
2051 3206 2136 3270 τῷ
2161 3201 2299 3260 Mor.
2325 3200 2475 3269 Lips.
2500 3200 2722 3255 Townl.

425 3267 580 3323 Eust.
620 3275 740 3346 ξ66,
779 3276 859 3325 70.
895 3275 1017 3325 τῶν
1051 3273 1086 3337 ἢ
1124 3276 1209 3336 τῷ
1245 3269 1308 3323 Ε.
1345 3274 1468 3323 τῶν
1503 3287 1566 3334 γε
1603 3271 1897 3336 γερόντων
1931 3268 1993 3322 L.
2030 3271 2086 3324 ςὲ
2119 3268 2181 3325 Ε.
2231 3271 2295 3323 τε
2330 3272 2420 3323 καὶ
2458 3268 2524 3322 A.
2572 3270 2723 3323 υἱᾶςι

511 3339 560 3391 cl
606 3342 865 3392 κεκᾶςθαι
909 3336 980 3398 D.
1029 3367 1090 3377 -
1140 3344 1239 3392 547
1290 3337 1383 3391 ἐπί
1426 3354 1513 3391 τοι
1559 3336 1625 3391 G.
1673 3365 1740 3377 --
1786 3343 1886 3391 549
1931 3337 2080 3403 ἴςχεο
2117 3335 2276 3391 Vrat.
2315 3338 2379 3390 A.
2433 3335 2720 3391 Stobaeus

491 3404 611 3459 oril.
633 3403 874 3471 CXXIV,
901 3413 940 3462 1.
964 3407 1091 3474 μήδ’
1111 3403 1371 3460 CDEGH.
1390 3421 1532 3459 κατα
1551 3403 1670 3458 AD.
1695 3435 1756 3444 —
1779 3410 1878 3459 550
1895 3406 2099 3472 γάρτοι
2113 3403 2182 3457 Η.
2202 3405 2310 3472 γάρ
2326 3422 2416 3458 τοι
2434 3408 2633 3473 πρῆξις
2651 3405 2719 3459 L.

424 3522 478 3560 τι
512 3505 643 3561 add.
679 3507 818 3577 Pap.
856 3514 905 3561 2.
940 3524 1090 3562 man.
1128 3494 1433 3564 nPFffieuc
1465 3508 1605 3578 Pap.
1642 3510 1770 3577 ἑῆος
1808 3506 2056 3562 CDEGH
2093 3506 2277 3561 Sohol.
2313 3509 2358 3562 Ω
2394 3512 2514 3565 528.
2563 3508 2721 3563 υἱέος

425 3610 600 3665 αἰνῶς
645 3609 919 3665 Stobaeus
963 3611 1070 3665 1.1.
1126 3642 1195 3652 —
1247 3617 1341 3667 551
1394 3598 1778 3668 ΑΝΕΤΙῖΙίΕΙΕ
1823 3610 1960 3680 Pap.
2013 3640 2079 3650 —
2132 3617 2231 3666 553
2279 3612 2355 3678 μή
2403 3629 2497 3667 πω
2546 3613 2606 3678 μ’
2652 3613 2720 3665 A.

426 3676 611 3732 Schol.
654 3681 704 3735 Υ
739 3685 857 3739 464,
903 3678 1085 3733 Cram.
1128 3678 1310 3750 Epim.
1355 3686 1482 3746 308,
1521 3687 1613 3735 2οε
1666 3679 1839 3750 vulgo
1882 3682 1956 3746 μή
1996 3682 2062 3745 μέ
2105 3696 2215 3734 πω.
2257 3682 2333 3746 μή
2372 3696 2439 3745 με
2476 3696 2572 3734 πω
2612 3678 2720 3732 DH

426 3781 561 3852 Pap.
601 3786 675 3851 μὴ
711 3783 772 3837 δέ
806 3799 900 3837 πω
943 3782 1002 3837 L.
1049 3784 1165 3838 ἵζεο
1209 3786 1506 3852 διοτροφὲς
1541 3783 1610 3841 Η.
1661 3783 1744 3840 ἷζε
1779 3782 1841 3841 Ε.
1895 3784 2049 3904 ὄφὲά
2093 3800 2191 3863 κεν
2231 3782 2341 3862 AC:
2384 3762 2717 3838 ὂΦΡᾹΚΕΝ

425 3848 562 3920 Pap.
596 3879 663 3890 --
700 3855 799 3905 554
834 3856 998 3917 κῆται
1033 3852 1079 3905 A
1116 3850 1253 3921 Pap.
1291 3857 1471 3907 κεῖται
1507 3849 1839 3906 CDEGHLS
1876 3852 1952 3906 et·
2023 3868 2172 3918 synn
2206 3850 2354 3905 hbn.
2388 3852 2472 3906 ὲνι
2508 3852 2572 3905 A.
2612 3853 2721 3905 ἐνι-

424 3918 654 3987 κλιςίης’
687 3916 754 3971 D.
793 3946 857 3958 -
894 3924 994 3973 555
1031 3921 1094 3974 ςὺ
1132 3921 1193 3974 δὲ
1229 3950 1294 3958 -
1332 3921 1587 3988 φέρομεν
1623 3923 1769 3988 (556)
1808 3920 1990 3975 omitt.
2025 3917 2175 3989 Lips.

561 4071 626 4128 A.
664 4089 709 4125 c.
783 4076 884 4126 540
919 4072 1251 4140 παναώριον
1296 4074 1597 4129 ἐδαςύνετο
1648 4075 1799 4142 παρά
1841 4089 1945 4128 τιςι
1989 4072 2142 4127 Euat.
2194 4076 2342 4137 1364,
2391 4076 2477 4125 26.
2521 4070 2578 4126 οἳ
2615 4074 2722 4140 μὲν

425 4139 718 4199 ἑδάςυναν.
766 4140 820 4194 οἳ
865 4142 927 4194 δὲ
974 4141 1261 4207 ἑψίλωςαν
1305 4140 1764 4199 Herodianus.
1808 4171 1877 4181 —
1920 4147 2018 4197 546
2053 4141 2384 4208 ἀρίςταρχος
2421 4143 2522 4195 ςὺν
2559 4146 2646 4207 τῷ
2683 4145 2720 4195 V

424 4212 546 4261 τῶν
591 4223 648 4262 ςε
692 4207 1037 4277 Didymus.
1093 4238 1153 4248 —
1200 4216 1301 4264 550
1345 4212 1501 4278 έῆοςε
1549 4212 1639 4264 ὅτι
1681 4210 1986 4278 ζηνόδοτος
2030 4211 2235 4276 γράφει
2282 4210 2398 4263 ἑοῖο
2444 4208 2719 4279 Ατίεὴο-

424 4274 646 4338 nicus,
684 4276 824 4330 conf.
863 4275 1043 4330 Schol.
1083 4279 1125 4332 Α
1163 4283 1280 4332 393.
1318 4279 1364 4332 Ω
1398 4284 1516 4333 528.
1557 4308 1623 4317 -
1657 4283 1757 4332 553
1793 4279 1867 4344 μή
1905 4294 1999 4333 πω
2037 4279 2094 4344 μ’
2126 4276 2326 4331 laudat
2357 4273 2721 4331 Herodianus

427 4341 499 4395 ad
535 4343 584 4396 Υ
617 4347 716 4396 464
750 4342 921 4412 idque
957 4344 1147 4413 recepi
1184 4361 1253 4399 ex
1288 4344 1505 4415 optimo
1541 4344 1751 4400 codice.
