3144 5006
1189 357 1552 445 ἰΛιΑΔος
1613 389 1818 444 xvffl.
2568 391 2686 454 177

570 545 760 609 δείδιε
805 546 1053 635 γὰρμὴ
1101 545 1329 622 λαιμὸν
1374 545 1721 625 ἀπαμήςειε
1768 545 2021 629 ςιδήρῳ.

441 652 521 712 35
568 647 957 726 ςμερδαλέον
1003 647 1060 711 δ’
1106 648 1398 731 ᾤμωξεν·
1441 644 1672 712 ἄκουςε
1719 649 1790 711 δὲ
1834 648 2068 712 πότνια
2112 637 2313 726 μήτηρ

565 750 766 830 ἡμένη
813 750 884 814 έν
932 750 1246 829 βένθεςςιν
1293 748 1450 815 ἁλὸς
1494 750 1670 829 παρὰ
1713 750 1903 828 πατρὶ
1944 751 2233 832 γέροντι,

568 852 846 917 κώκυςέν
891 853 946 916 τ’
989 850 1090 930 ἄρ’
1133 851 1378 916 ἔπειτα·
1423 853 1561 916 θεαὶ
1606 852 1677 916 δέ
1721 872 1825 929 μιν
1871 850 2362 931 ἀμφαγέροντο,

570 957 791 1030 πᾶςαι,
838 953 977 1018 ὅςαι
1023 955 1180 1018 κατὰ
1227 953 1451 1034 βένθος
1496 953 1654 1019 ἁλὸς
1680 954 2008 1031 ,Νηρηίδες
2052 951 2232 1031 ἦςαν.

566 1054 699 1120 ἔνθ’
742 1054 845 1134 ἄρ’
889 1055 1002 1135 ἔην
1049 1056 1295 1134 Γλαύκη
1339 1075 1407 1119 τε
1452 1055 1692 1120 Θάλειά
1734 1075 1802 1119 τε
1852 1054 2179 1133 Κυμοδόκη
2224 1076 2294 1118 τε

440 1163 524 1220 40
572 1158 804 1236 Νηςαίη
851 1157 1057 1222 (πειώ
1101 1177 1169 1221 τε
1213 1156 1350 1236 Θόη
1394 1159 1451 1222 θ’
1493 1158 1664 1237 Ἁλίη
1707 1178 1776 1222 τε
1823 1162 2095 1237 βοῶπις,

568 1259 862 1338 Κυμοθόη
906 1281 976 1325 τε
1021 1261 1125 1324 καὶ
1168 1260 1413 1338 Ἀκταίη
1460 1263 1562 1324 καὶ
1604 1260 1961 1339 Λιμνώρεια

564 1362 665 1425 καὶ
711 1362 948 1441 Μελίτη
995 1363 1098 1427 καὶ
1138 1362 1337 1440 Ἴαιρα
1381 1363 1481 1426 καὶ
1526 1362 1833 1441 Ἀμφιθόη
1879 1363 1983 1427 καὶ
2027 1362 2294 1442 Ἀγαυή,

562 1464 760 1529 Λωτώ
807 1484 876 1528 τε
917 1465 1170 1542 Πρωτώ
1216 1483 1286 1527 τε
1329 1464 1622 1542 Φέρουςά
1663 1484 1734 1527 τε
1778 1463 2130 1541 Δυναμένη
2175 1483 2277 1538 τε,

564 1564 899 1646 Δεξαμένη
942 1586 1012 1630 τε
1032 1568 1160 1656 ,καὶ
1203 1566 1557 1645 Ἀμφινόμη
1603 1566 1702 1630 καὶ
1751 1566 2199 1648 Καλλιάνειρα,

440 1669 522 1728 45
568 1667 789 1746 Δωρὶς
833 1670 935 1732 καὶ
976 1667 1255 1746 Πανόπη
1302 1669 1403 1731 καὶ
1448 1667 1787 1746 ἀγακλειτὴ
1835 1668 2167 1744 Γαλάτεια,

567 1769 892 1849 Νημερτής
935 1789 1005 1833 τε
1050 1771 1153 1833 καὶ
1195 1770 1509 1848 Ἀψευδὴς
1551 1769 1653 1833 καὶ
1700 1768 2162 1832 Καλλιάναςςα·
2267 1753 2274 1760 ’

569 1871 724 1936 ἔνθα
769 1871 825 1934 δ’
870 1872 982 1950 ἔην
1032 1871 1316 1950 Κλυμένη
1363 1871 1630 1949 Ἰάνειρά
1674 1890 1742 1935 τε
1792 1871 1892 1935 καὶ
1937 1868 2246 1952 Ἰάναςςα,

564 1973 781 2051 Μαῖρα
826 1975 928 2037 καὶ
971 1972 1285 2052 Ὠρείθυια
1329 1972 1731 2050 έυπλόκαμός
1776 1973 1831 2036 τ’
1874 1971 2169 2051 Ἀμάθεια

563 2072 751 2138 ἄλλαι
795 2074 891 2150 θ’,.
917 2074 983 2138 αἳ
1029 2075 1186 2138 κατὰ
1232 2074 1462 2153 βένθος
1505 2073 1665 2139 ἁλὸς
1712 2073 2018 2153 Νηρηίδες
2060 2070 2242 2150 ἦςαν.

437 2179 519 2237 50
561 2180 692 2239 τῶν
738 2179 809 2241 δὲ
854 2177 955 2239 καὶ
1002 2174 1342 2255 ἀργύφεον
1387 2179 1594 2254 πλῆτο
1642 2177 1866 2241 ςπέος·
1914 2176 1982 2239 αἳ
2026 2175 2083 2239 δ’
2127 2172 2254 2251 ἅμα
2298 2177 2489 2238 πᾶςαι

563 2278 791 2356 ςτήθεα
833 2278 1285 2360 πεπλήγοντο,
1329 2278 1513 2342 Θέτις
1557 2278 1616 2342 δ’
1658 2277 1880 2357 ἐξῆρχε
1923 2276 2143 2353 γόοιο·

737 2382 925 2444 κλῦτε
968 2378 1329 2457 καςίγνηται
1378 2380 1715 2458 Νηρηίδες,
1764 2378 1917 2460 ὄφρ’
1963 2378 2036 2442 έὺ
2082 2381 2272 2442 πᾶςαι
2351 2447 2374 2478 ,,

561 2479 748 2546 εἴδετ’
791 2480 1165 2559 ἀκούουςαι,
1214 2479 1308 2546 ὅς’
1351 2481 1483 2566 ἐμῷ
1527 2481 1624 2548 ἔνι
1669 2483 1864 2561 κήδεα
1909 2486 2104 2564 θυμῷ.

563 2582 617 2646 ὤ
663 2604 768 2663 μοι
813 2583 939 2659 ἐγὼ
986 2583 1194 2665 δειλή,
1242 2582 1294 2647 ὤ
1342 2600 1448 2662 μοι
1494 2584 2073 2681 δυςαριςτοτόκεια,

524 2750 592 2804 V.
629 2768 678 2802 L.
750 2756 818 2806 34
851 2752 1160 2817 ἀπαμήςειε
1196 2750 1409 2804 Townl.
1458 2751 1634 2805 ceteri
1667 2753 2006 2818 ἀποτμήξειε
2052 2767 2178 2804 cum
2213 2750 2364 2805 Euat.
2405 2758 2558 2819 1129,
2592 2759 2675 2807 49.

390 2817 568 2872 Cram.
607 2817 709 2886 Ep.
748 2823 863 2884 106,
903 2825 979 2873 19.
1028 2825 1140 2884 120,
1179 2825 1226 2872 5.
1265 2820 1603 2887 ἀποτμήςειε
1640 2818 1789 2873 Euat.
1820 2824 1947 2873 1129
1989 2824 2072 2872 55.
2111 2821 2407 2886 άποτμήςῃ
2444 2819 2531 2878 Et.
2561 2819 2615 2873 M
2663 2862 2674 2875 .

388 2891 505 2952 260,
548 2893 625 2939 11.
662 2916 729 2925 -
762 2892 831 2940 35
866 2889 1214 2953 ςμαρδαλέον
1248 2885 1304 2940 S.
1353 2918 1415 2926 —
1464 2894 1530 2941 36
1568 2889 1818 2953 βένθεςιν
1853 2886 1898 2939 Ε
1934 2886 2080 2953 Lipe.
2131 2917 2193 2926 —
2243 2891 2307 2941 37
2354 2889 2574 2942 κώκυςέ
2608 2839 2672 2943 ἕ.

389 2956 458 3022 ἂρ
493 2952 854 3008 ACDEGHL.
889 2956 1031 3023 ἀμφ’
1063 2955 1340 3022 ἀγέροντο
1375 2954 1424 3008 D
1452 2954 1612 3012 Canss.
1637 2956 2038 3023 ἀμφάγέροντο
2074 2958 2138 3009 Α.
2166 2954 2315 3009 hunc
2351 2957 2411 3008 et
2444 2972 2674 3024 sequen-

387 3024 505 3075 tem
543 3038 617 3076 vs.
657 3021 840 3076 omitt.
877 3022 930 3075 S.
985 3052 1051 3061 —
1103 3030 1170 3078 39
1215 3023 1284 3089 ἂρ
1328 3022 1551 3077 ADGH.
1609 3025 1726 3078 ἐνθ’
1768 3026 1876 3091 ἄρα
1921 3023 1996 3089 ἦν
2031 3026 2296 3086 γλαύκεια
2349 3021 2391 3076 L
2425 3023 2574 3092 Lips.
2611 3054 2677 3063 —

387 3099 453 3141 42
491 3090 673 3157 ἀγαυὴ
709 3088 970 3146 ACDGL.
1008 3120 1071 3129 -
1103 3097 1175 3169 5²5
1211 3092 1498 3155 ἀγακλυτὴ
1540 3091 1598 3146 L.
1636 3122 1696 3130 -
1745 3098 1813 3145 46
1848 3092 2095 3156 ἀψευδῆς
2132 3089 2196 3149 G.
2241 3121 2310 3133 —
2356 3098 2421 3144 47
2458 3094 2594 3181 ἔνθα
2628 3094 2679 3146 δ’

387 3156 2679 3306 ,Β1,ωἐπινεῖ-ἐξιῇ,ιεεῖιᾶὲτιι-ο-ἐϊεειιιιαειῑ

388 3290 503 3350 DE.
542 3295 781 3359 ἀμάθυια
817 3292 1047 3348 ACDLS
1085 3293 1217 3348 Mor.
1263 3293 1417 3348 Harl.
1454 3294 1670 3349 Townl.
1706 3295 1767 3348 L1
1813 3316 1852 3350 a.
1889 3294 2047 3347 Vrat.
2087 3296 2139 3353 b.
2178 3298 2238 3349 et
2271 3296 2446 3350 codex
2482 3295 2674 3350 Batm-

388 3376 514 3426 vue‚
551 3360 667 3419 vid.
701 3360 966 3415 Valcken.
1005 3361 1077 3415 ad
1102 3365 1359 3415 Ammon.
1427 3381 1466 3432 g
1526 3369 1637 3416 166.
1675 3380 1763 3416 τιν
1796 3380 1822 3417 ς
1861 3363 2163 3430 Ἀμάθυιαν
2199 3365 2511 3432 ἐτόλμηςαν
2546 3366 2676 3431 γρά-

388 3444 520 3495 φειν
553 3428 705 3486 Eunt.
747 3435 899 3494 1130,
935 3435 1019 3484 57.
1058 3430 1295 3496 ἀμάθεια
1332 3380 1433 3483 Gfl
1466 3429 1619 3484 Eust.
1663 3438 1811 3498 1130,
1846 3437 1904 3496 2;
1953 3435 2038 3487 57.
2075 3431 2282 3486 Suidas
2328 3431 2398 3493 ΙΙ,
2443 3438 2487 3497 1,
2528 3438 2675 3496 1269,

393 3502 469 3547 1-2.
507 3525 573 3534 -
607 3502 674 3550 49
710 3498 874 3552 ἄλλαι
910 3498 962 3549 θ’
1009 3500 1071 3550 Α.
1118 3534 1184 3543 -
1230 3506 1297 3552 50
1333 3499 1443 3552 αἵδ’
1489 3498 1749 3553 CDGHL.
1798 3530 1858 3538 —
1909 3506 1973 3554 52
2019 3501 2341 3568 καςίγνηται
2383 3497 2481 3552 HL
2526 3498 2589 3552 Li
2632 3518 2675 3552 s.

389 3565 452 3617 εὖ
488 3562 637 3617 libri.
677 3593 723 3602 -
775 3572 840 3619 53
878 3566 961 3619 ἔνι
995 3564 1205 3619 EGHL.
1242 3567 1321 3620 ἐνι
1359 3565 1517 3619 ACD.
1556 3597 1622 3606 ——
1660 3573 1726 3621 54
1764 3571 1905 3637 ῲμοι
1941 3567 2027 3620 bis
2063 3566 2217 3622 ACE.
2256 3569 2400 3634 ὦμοι
2436 3569 2550 3633 ἐγὼ
2634 3572 2677 3625 t.

386 3630 501 3700 Mg.
538 3638 655 3698 261,
692 3639 773 3687 31.
809 3635 1292 3738 δυςὲιὲςτοτόκεια
1327 3635 1395 3688 Α.

522 3785 587 3837 A.
626 3804 670 3838 c.
741 3792 809 3839 34
843 3788 1211 3853 ἀποτμήξειει
1250 3789 1404 3841 οὕτω
1441 3790 1766 3855 Ζηνόδοτος.
1804 3789 2131 3857 ἀρίςταρχος
2168 3790 2493 3866 ἀπαμήςειε.
2530 3789 2674 3842 conf.

386 3868 432 3917 φ
467 3859 583 3907 301.
620 3853 837 3909 fallitur
874 3854 1055 3911 Schol.
1104 3854 1151 3908 V
1199 3857 1551 3923 Ἀρίςταρχος
1588 3858 1943 3923 ἀποτμήςειε.
1991 3888 2053 3896 —-
2098 3864 2300 3911 39—49
2337 3879 2369 3910 υ
2404 3862 2527 3910 τῶν
2566 3859 2676 3924 Νη-

381 3922 591 3987 penum
627 3923 791 3989 χόρος
828 3925 1210 3990 προηθέτηται
1248 3926 1337 3977 καὶ
1373 3926 1524 3992 παρὰ
1557 3925 1818 3993 Ζηνοδότ
1876 3965 1888 3978 .
1932 3926 1964 3979 ὁ
2000 3927 2061 3980 δὲ
2099 3925 2507 3993 Καλλίςτρατος
2543 3926 2675 3980 οὐδὲ

385 3989 450 4041 ἐν
486 3994 557 4057 τῇ
597 3990 891 4060 Ἀργολικῇ
928 3994 1099 4058 φηςίν
1133 3992 1346 4047 αὐτοὺς
1382 3995 1648 4060 φέρεςθαι
1684 3943 1870 4046 801]οἫ
1904 3996 1967 4047 A.
2006 3993 2074 4046 cf.
2116 3993 2266 4047 Eust.
2310 3998 2457 4055 1131,
2495 4000 2577 4047 20.
2609 4024 2671 4032 -

384 4079 452 4127 39
509 4076 723 4143 Γλαύκη
778 4074 1134 4130 Aristarchus
1182 4079 1528 4144 βαρυτόνως.
1588 4080 1822 4134 Θάλειαε
1875 4079 2204 4147 ἀρίςταρχος
2298 4080 2432 4145 ωρίς
2487 4083 2590 4131 τοῦ
2641 4083 2675 4131 θ

382 4142 547 4195 ἅλεια
582 4146 734 4210 παρὰ
769 4146 878 4211 τὴν
916 4144 1025 4197 ἅλα
1062 4141 1404 4211 Didymus,
1452 4176 1516 4185 —
1560 4151 1628 4199 42
1669 4149 1862 4208 Ἀγαυ’
1889 4187 1902 4213 ,
1946 4147 2078 4200 vide
2115 4147 2265 4200 Hero
2312 4190 2322 4200 .
2361 4145 2448 4203 ad.
2501 4149 2513 4199 Ι
2559 4150 2672 4200 150.

383 4211 431 4265 Ο
468 4215 584 4268 445.
620 4240 684 4249 -
722 4212 1139 4290 44οΔεξαμένηε
1187 4213 1338 4266 τινὲς
1383 4213 1670 4267 ὀξυτόνως
1718 4166 1901 4271 Schcss.
1941 4214 2001 4272 Β.
2050 4250 2112 4260 -
2157 4220 2225 4268 46
2274 4215 2567 4281 Νημερτής
2614 4215 2675 4266 et

380 4280 665 4400 Βψάευδὴς
710 4279 1066 4333 Austarchus
1109 4281 1414 4335 ὀξυτόνως.
1460 4310 1526 4320 -
1574 4289 1639 4335 53
1685 4283 1792 4337 ένιε
1840 4284 2220 4351 ἀριςτοφάνης
2275 4283 2541 4350 ἐπικήδεα
2589 4285 2672 4349 (9)

444 4362 469 4405 ι,
525 4362 733 4414 ymus.

485 4440 680 4481 Homeri
707 4441 837 4482 nin.
886 4441 950 4481 11.
1787 4440 1794 4447 “
1925 4436 1938 4445 “
2201 4442 2263 4491 12
