3144 5006
1366 337 1703 394 ΙΛΙΑΔΟ(
1760 336 1963 392 XVIII.

687 493 755 558 αἳ
798 495 915 574 μὲν
958 491 1198 558 ὕπαιθα
1240 492 1515 557 ἄνακτος
1560 491 1954 557 ἐποίπνυον·
2003 490 2204 570 αὐτὰρ
2248 491 2287 555 ὃ
2334 489 2547 570 ἔῤῥων

686 595 988 681 πληςίον,
1033 595 1190 661 ἔνθα
1233 594 1416 660 Θέτις
1458 614 1611 673 περ,
1657 594 1763 658 ἐπὶ
1806 592 2048 673 θρόνου
2090 591 2184 659 ἷζε
2228 595 2537 674 φαεινοῦ,

687 698 760 763 ἔν
801 698 855 761 τ’
899 695 1025 776 ἄρα
1069 696 1133 761 οἱ
1176 699 1269 777 φῦ
1316 698 1476 774 χειρὶ
1518 696 1679 762 ἔπος
1722 696 1778 759 τ’
1821 694 2009 776 ἔφατ’
2052 693 2124 759 ἔκ
2163 695 2223 759 :r’
2266 693 2571 774 ὀνόμαζε·

862 799 1040 864 τίπτε
1085 798 1233 864 Θέτι
1276 799 1646 863 τανύπεπλε
1686 796 1923 862 ἱκάνεις
1964 797 2277 876 ἡμέτερον
2322 801 2415 861 δῶ

523 906 646 965 425
695 901 905 979 αἰδοίη
948 920 1017 965 τε
1063 899 1219 981 φίλη
1264 920 1364 972 τε;
1408 900 1619 979 πάρος
1660 919 1733 975 γε
1778 899 1893 978 μὲν
1939 896 2018 962 οὔ
2062 919 2120 963 τι
2167 897 2456 978 θαμίζεις.

688 1003 854 1068 αὔδα
898 1002 936 1067 ὅ
980 1023 1039 1067 τι
1083 1001 1417 1083 φρονέεις·
1459 1001 1708 1066 τελέςαι
1753 999 1826 1066 δέ
1871 1021 1944 1079 με
1991 1000 2189 1079 θυμὸς
2235 999 2518 1076 ἄνωγεν,

690 1105 747 1171 εἰ
790 1103 1063 1186 δύναμαι
1105 1104 1349 1169 τελέςαι
1390 1122 1465 1179 γε
1509 1103 1612 1167 καὶ
1656 1101 1709 1167 εἰ
1754 1102 2205 1183 τετελεςμένον
2253 1101 2396 1166 ἑςτί.

30 1199 45 1248 ¹
866 1207 984 1273 τὸν
1029 1207 1086 1271 δ’
1129 1204 1397 1285 ἠμείβετ’
1441 1203 1662 1269 ἔπειτα
1706 1205 1887 1269 Θέτις
1933 1205 2091 1269 κατὰ
2135 1203 2335 1282 δάκρυ
2380 1204 2650 1282 χέουςα·

687 1308 1002 1391 Ἣφαιςτ’,
1046 1306 1086 1385 ἦ
1132 1305 1258 1387 ἄρα
1301 1306 1381 1384 δή
1424 1327 1548 1386 τις,
1594 1305 1732 1372 ὅςαι
1776 1305 1914 1371 θεαί
1957 1306 2067 1371 εἰς’
2111 1305 2184 1373 ἐν
2228 1305 2569 1389 Ὀλύμπῳ,

526 1414 652 1472 430
693 1409 943 1476 τοςςάδ’
987 1409 1082 1476 ἐνὶ
1125 1410 1350 1491 φρεςὶν
1391 1408 1533 1492 ᾖςιν
1579 1407 1885 1487 ἀνέςχετο
1928 1408 2124 1486 κήδεα
2170 1407 2400 1486 λυγρά,

691 1510 820 1577 ὅςς’
863 1511 1001 1589 ἐμοὶ
1045 1511 1115 1576 ἐκ
1156 1509 1417 1575 παςέων
1465 1507 1777 1588 Κρονίδης
1821 1508 1985 1575 Ζεὺς
2028 1509 2206 1586 ἄλγε’
2249 1509 2522 1584 ἔδωκεν;

689 1612 759 1677 ἐκ
802 1613 918 1691 μέν
962 1613 1023 1694 μ’
1067 1611 1330 1677 ἀλλάων
1375 1609 1621 1676 ἁλιάων
1667 1610 1854 1689 ἀνδρὶ
1897 1611 2241 1693 δάμαςςεν,

689 1713 943 1800 Αἰακίδῃ
984 1713 1229 1796 Πηλῆι,
1273 1713 1378 1777 καὶ
1420 1711 1613 1790 ἔτλην
1657 1711 1892 1791 ἀνέρος
1936 1712 2130 1792 εὐνὴν

683 1817 900 1881 πολλὰ
942 1814 1086 1895 μάλ’
1132 1815 1251 1880 ούκ
1294 1813 1619 1878 ἐθέλουςα.
1709 1815 1747 1879 ὃ
1794 1815 1910 1894 μὲν
1956 1815 2034 1894 δὴ
2077 1815 2270 1898 γήραϊ
2313 1817 2529 1899 λυγρῷ

515 1922 640 1982 435
684 1920 879 1983 κεῖται
923 1916 1018 1982 ἐνὶ
1062 1916 1363 1995 μεγάροις
1406 1915 1758 2000 ἀρημένος,
1803 1913 1967 1981 ἀλλα
2010 1916 2083 1981 δέ
2125 1936 2233 1995 μοι
2275 1920 2414 1981 νῦν.

685 2019 831 2085 υἱὸν
875 2018 1014 2084 ἐπεί
1056 2038 1162 2097 μοι
1207 2022 1371 2083 δῶκε
1415 2018 1708 2093 γενέςθαί
1748 2038 1818 2083 τε
1862 2018 2188 2099 τραφέμεν
2231 2038 2330 2095 τε,

684 2120 916 2199 ἔξοχον
961 2120 1230 2200 ἡρώων·
1279 2119 1317 2183 ὃ
1364 2119 1422 2183 δ’
1465 2119 1828 2198 ἀνέδραμεν
1870 2118 2046 2199 ἔρνεϊ
2088 2118 2256 2186 ἴςος·
2461 2196 2469 2204 .

0 2304 8 2311 ἱ
42 2285 59 2312 ,
683 2222 801 2288 τὸν
847 2223 964 2301 μὲν
1010 2221 1140 2299 ἐγὼ
1190 2220 1481 2301 θρέψαςα
1525 2223 1738 2302 φυτὸν
1784 2221 1872 2286 ὣς
1915 2225 2137 2307 γουνῷ
2182 2221 2398 2306 ἀλωῆς
2410 2267 2429 2301 ,

46 2323 137 2396 Ῥ-
683 2325 903 2404 νηυςὶν
948 2323 1343 2403 ἐπιπροέηκα
1386 2324 1724 2402 κορωνίςιν
1767 2324 1961 2389 Ἴλιον
2007 2323 2156 2389 εἴςω

516 2431 644 2489 440
687 2427 896 2507 Τρωςὶ
939 2424 1381 2507 μαχηςόμενον
1403 2446 1417 2460 ·
1462 2424 1581 2491 τὸν
1625 2424 1681 2489 δ’
1727 2425 1849 2505 ούχ
1894 2425 2281 2503 ὑποδέξομαι
2328 2423 2506 2490 αὖτις

690 2527 908 2594 οἴκαδε
950 2529 1372 2608 νοςτήςαντα,
1418 2529 1623 2606 δόμον
1664 2527 1955 2607 Πηλήιον
2000 2528 2168 2594 εἴςω.

692 2629 869 2711 ὄφρα
911 2630 984 2694 δέ
1030 2650 1138 2709 μοι
1181 2629 1332 2695 ζώει
1375 2631 1479 2695 καὶ
1521 2630 1647 2713 ὁρᾷ
1690 2630 1862 2710 φάος
1906 2629 2185 2711 ἠελίοιο,

688 2729 989 2810 ἄχνυται,
1037 2732 1193 2796 οὐδέ
1237 2730 1295 2796 τί
1340 2730 1404 2797 οἱ
1447 2731 1720 2812 δύναμαι
1766 2728 2133 2813 χραιςμῆςαι
2179 2731 2380 2796 ἰοῦςα.

689 2832 964 2913 κούρην,
1010 2835 1089 2912 ἣν
1134 2832 1260 2913 ἄρα
1306 2832 1370 2898 οἱ
1411 2834 1605 2913 γέρας
1649 2833 1871 2900 ἔξελον
1917 2831 2049 2900 υἷες
2094 2834 2397 2918 Ἀχαιῶν,

516 2939 641 2998 445
685 2935 804 3014 τὴν
851 2934 946 3015 ἂψ
992 2935 1061 3000 ἐκ
1104 2940 1340 3015 χειρῶν
1386 2934 1571 3001 ἕλετο
1617 2935 1847 3014 κρείων
1895 2935 2325 3015 Ἀγαμέμνων.

2675 335 2798 400 195

651 3101 720 3157 V.
762 3121 815 3155 1..
884 3107 981 3155 421
1020 3103 1307 3157 ποίπνυον
1342 3102 1409 3156 Η.
1450 3103 1483 3157 ὃ
1520 3101 1783 3161 CDGHL.
1820 3134 1884 3142 -
1930 3108 2030 3156 422
2064 3104 2146 3159 ἵζε
2184 3103 2338 3157 cffl..
2377 3106 2459 3158 ἷζε
2496 3106 2561 3157 Α.
2599 3134 2664 3144 -
2698 3109 2803 3159 423

515 3170 623 3237 ἄρά
659 3172 713 3225 οἱ
749 3170 814 3228 G.
852 3170 1092 3235 ὀνόμαζε
1127 3169 1386 3229 ACDGL.
1423 3200 1489 3211 —
1544 3177 1646 3225 425
1682 3172 1747 3236 γέ
1785 3188 1889 3237 μεν
1925 3172 1991 3224 A.
2032 3207 2095 3215 —
2142 3177 2242 3225 426
2279 3171 2420 3225 αὔδα
2458 3169 2566 3224 CD.
2613 3174 2803 3239 ἄνωγε

519 3236 664 3291 ADL
701 3235 857 3307 Lipn.
899 3238 1107 3304 ἀνώγει
1142 3237 1371 3294 Bal-occ.
1405 3237 1548 3292 Mor.
1586 3238 1649 3292 ἐν
1686 3241 1842 3307 ἄλλῳ
1879 3241 2087 3306 ἀνώγει
2124 3241 2172 3292 Α
2209 3240 2353 3296 conf.
2393 3238 2463 3292 H.
2492 3238 2556 3300 Τ,
2600 3245 2711 3296 194.
2738 3272 2804 3281 -

513 3312 614 3360 427
652 3305 835 3362 omitt.
873 3304 1011 3375 Pap.
1052 3304 1262 3362 Hatris.
1300 3306 1420 3375 Syr.
1456 3305 1633 3361 habet
1667 3305 1719 3359 H
1753 3308 1811 3360 in
1849 3323 2027 3429 marg.
2056 3323 2203 3362 man.
2228 3323 2339 3361 ree.
2377 3306 2663 3376 scriptum.
2689 3309 2805 3366 ὲςτὶ

517 3372 574 3429 C.
613 3375 761 3428 ἔςται
796 3372 846 3426 D
896 3381 941 3427 1.
979 3390 1122 3428 man.
1169 3403 1233 3413 -—
1278 3380 1380 3429 428
1416 3377 1939 3443 καταδακρυχέουςα

2086 3376 2607 3444 καταδακρυχέουςα
2651 3376 2803 3431 ADG

515 3473 614 3528 HL
650 3474 769 3544 Syr.
818 3504 885 3514 —
927 3480 1028 3530 429
1064 3476 1157 3543 ἧδ’
1199 3477 1306 3543 ἄρα
1350 3478 1445 3544 δὴ,
1494 3444 1700 3535 vff‘fi.
1756 3478 1860 3532 εἷς’
1904 3475 2115 3532 CGHL.
2169 3507 2234 3516 —
2287 3484 2389 3532 430
2430 3480 2654 3533 τόςςαδ’
2688 3478 2800 3535 CH.

514 3544 684 3598 τοςςά
718 3545 771 3598 δ’
806 3541 875 3598 D.
931 3545 1082 3598 τόςς’
1123 3546 1173 3596 δ’
1207 3544 1289 3597 ἑνὶ
1325 3541 1391 3600 G.
1448 3546 1530 3599 ἑνι
1565 3543 1634 3599 D.
1688 3546 1923 3612 ἀνέχετο
1960 3543 2027 3599 G.
2072 3576 2141 3586 —
2185 3553 2281 3601 431
2332 3547 2535 3613 ἔθηκεν
2581 3545 2688 3601 EI..
2736 3578 2801 3587 —

512 3618 613 3666 432
649 3613 832 3666 ἁλῐων
869 3610 928 3666 C.
962 3642 1029 3651 —
1074 3617 1176 3665 433
1212 3611 1419 3666 αἰακῖδῖ
1454 3611 1511 3667 C.
1557 3642 1625 3653 —
1669 3620 1770 3667 485
1816 3615 1897 3667 ἐνι
1934 3612 2053 3673 ΑΒ,
2098 3614 2486 3680 ἑνῑμμεγάροις
2522 3613 2592 3668 Η.
2640 3616 2802 3681 μεγά·

494 3708 501 3715 ·
515 3696 689 3746 ροιςιν
714 3677 758 3731 L
786 3695 855 3734 ex
880 3695 987 3733 em.
1007 3710 1071 3719 -—
1090 3684 1191 3732 436
1215 3680 1470 3746 γενέςθαί
1493 3697 1557 3734 τε
1583 3680 1652 3746 Α,
1690 3681 1835 3734 conf.
1865 3683 1905 3735 Η
1937 3688 2050 3738 199.
2089 3699 2125 3747 γ
2148 3687 2230 3740 28.
2266 3698 2330 3736 τε
2355 3686 2487 3734 ante
2512 3686 2692 3750 τραφέ

514 3746 694 3804 omitt.
725 3747 782 3805 C.
820 3783 887 3792 —
922 3752 1022 3801 437
1059 3747 1090 3801 ὃ
1116 3749 1168 3800 δ’
1191 3747 1256 3805 D.
1294 3749 1380 3801 ὅδ’
1404 3746 1569 3801 GHL.
1606 3778 1675 3788 —
1709 3755 1810 3804 438
1848 3751 1927 3803 ώς
1952 3748 2070 3803 DG.
2113 3749 2324 3817 ἁλωιῆς
2351 3747 2407 3802 C.
2436 3750 2629 3816 ἀλωῆς
2652 3749 2696 3802 F

515 3816 690 3869 ceteri
726 3815 934 3883 ἀλωῆς.
980 3846 1045 3855 -
1088 3820 1190 3869 439
1226 3817 1317 3870 ἔπι
1362 3818 1618 3937 προέὲκα
1662 3815 1753 3869 AS
1791 3833 1918 3870 cum
1967 3816 2148 3872 Schol.
2198 3818 2235 3871 C
2283 3823 2328 3875 7.
2375 3818 2548 3870 ceteri
2583 3814 2686 3885 ὑφ’
2722 3820 2802 3873 ἕν.

516 3912 580 3922 -
615 3888 716 3937 440
767 3900 803 3935 τ
839 3885 940 3952 ῳςὶ
994 3882 1053 3937 L.
1109 3884 1452 3950 ὑποδέχομαι

2697 3699 2801 3803 {lev

2722 3766 2801 3804 ΟΥ.

1627 3885 1785 3940 αὖθις
1831 3884 1872 3938 C
1915 3883 2056 3941 Mor.
2106 3885 2332 3939 Barocc.
2369 3920 2434 3929 -
2480 3892 2571 3938 44¹
2618 3887 2801 3941 omitt.

54 3934 109 3987 7
513 3948 770 4019 Papyrus
858 3967 965 4006 arr.
999 3980 1068 3991 —
1108 3957 1210 4004 442
1245 3953 1383 4020 ζώιη
1420 3950 1478 4006 C.
1523 3954 1643 4020 Ζώῃ
1682 3952 1898 4010 Townl.
1947 3984 2007 3992 —
2053 3959 2155 4007 443
2191 3954 2323 4007 οὐδὲ
2344 3962 2421 4007 ’τι
2454 3954 2508 4007 οἱ
2544 3953 2803 4007 ACDHL.

513 4046 576 4056 —-
613 4023 715 4072 444
752 4020 860 4085 ἄρά
893 4019 947 4074 οἱ
984 4018 1041 4079 L.
1078 4019 1137 4074 οἳ
1172 4018 1238 4079 D.
1278 4035 1392 4099 αοο.
1427 4036 1576 4080 man,
1613 4036 1727 4074 rec.

2297 4381 2393 4432 13·

652 4152 721 4206 A.
756 4170 803 4205 c.
872 4158 973 4206 424
1007 4153 1323 4209 Zenodotus
1358 4156 1517 4210 Θέτις
1563 4157 1930 4211 τανύπεπλος
1968 4158 2029 4211 et
2061 4159 2344 4225 ἡμέτερον
2379 4161 2439 4213 δέ
2485 4161 2553 4212 ut
2586 4162 2701 4213 385.
2737 4188 2801 4197 -

514 4224 617 4275 436
650 4221 907 4284 γενέςθαί
940 4237 1006 4276 τε
1042 4221 1187 4276 conf.
1222 4222 1290 4285 Η.
1328 4221 1391 4277 Τ.
1429 4229 1547 4281 413.
1586 4228 1705 4276 434.
1745 4255 1805 4264 —-
1842 4230 1943 4279 438
1977 4225 2193 4294 ἀλωῆς,
2234 4226 2375 4279 conf.
2412 4226 2480 4281 H.
2505 4227 2571 4280 U.
2594 4232 2710 4285 212.
2737 4257 2797 4266 -

431 4340 439 4349 ,
515 4295 611 4342 441
653 4290 716 4342 ἐν
751 4303 890 4342 τιςιν
925 4291 1029 4344 οὐκ
1066 4291 1180 4346 ἔςτι
1215 4287 1401 4346 Schol.
1444 4292 1509 4344 A.
1550 4321 1614 4331 -
1650 4297 1921 4345 444—458
1958 4293 2295 4347 ἀθετοῦνται
2331 4294 2798 4348 Aristonicum
