3144 5006
479 348 599 412 144
1409 346 1741 403 ΙΛΙΑΔΟΕ
1784 346 1841 400 Ε.

629 501 730 583 ,ὡς
776 501 844 566 δ’
886 500 1125 580 ἄνεμος
1169 499 1371 579 ἄχνας
1413 498 1639 579 φορέει
1680 497 1858 578 ἱερὰς
1901 500 2047 565 κατ’
2082 499 2308 585 ἀλῳὰς

466 610 593 668 500
638 602 901 682 ἀνδρῶν
947 601 1351 683 λικμώντων,
1387 599 1504 664 ὅτε
1546 620 1615 665 τε
1660 601 1856 680 ξανθὴ
1899 600 2209 682 Δημήτηρ

635 704 817 789 κρίνῃ
862 702 1301 784 ἐπειγομένων
1341 700 1601 782 ἀνέμων
1647 705 1896 782 καρπόν
1939 725 2007 769 τε
2046 705 2154 769 καὶ
2195 703 2427 783 ἄχνας·
2469 732 2513 771 ··

641 792 710 870 αἳ
754 807 825 870 δ’
868 803 1441 870 ὑπολευκαίνονται
1484 801 1812 884 ἀχυρμιαί·
1856 805 1946 870 ὣς
1988 804 2132 870 τότ’
2173 805 2413 885 Ἀχαιοὶ

638 909 854 973 λευκοὶ
895 907 1136 1002 ὕπερθε
1172 904 1448 981 γένοντο
1493 906 1845 988 κονιςάλῳ,
1890 906 1969 971 ὅν
2012 906 2096 986 ῥα
2139 907 2233 970 δι’
2276 906 2491 972 αὐτῶν

639 1009 924 1089 οὐρανὸν
970 1007 1036 1072 ἐς
1078 1006 1500 1085 πολύχαλκον
1544 1004 1914 1088 ἐπέπληγον
1956 1007 2158 1073 πόδες
2194 1007 2447 1085 ἵππων,

469 1117 592 1175 505
637 1110 732 1190 ἂψ
778 1107 1307 1190 έπιμιςγομένων·
1352 1107 1484 1173 ὑπὸ
1523 1108 1599 1172 δ’
1638 1107 1955 1189 ἔςτρεφον
1996 1107 2317 1188 ἡνιοχῆες.

638 1212 703 1277 οἳ
745 1212 817 1275 δὲ
860 1210 1055 1292 μένος
1097 1211 1331 1289 χειρῶν
1373 1208 1511 1273 ἰθὺς
1554 1208 1815 1290 φέρον.“
1868 1209 2033 1290 ἀμφὶ
2074 1211 2146 1275 δὲ
2189 1210 2391 1276 νύκτα

638 1317 874 1392 θοῦρος
917 1312 1110 1391 Ἄρης
1154 1311 1439 1390 ἐκάλυψε
1482 1310 1652 1394 μάχῃ
1698 1311 2013 1391 Τρώεςςιν
2056 1310 2350 1391 ἀρήγων,

637 1414 913 1479 πάντος’
957 1411 1416 1491 ἐποιχόμενος·
1458 1416 1578 1477 τοῦ
1619 1413 1690 1481 δ’
1730 1412 2089 1493 ἐκραίαινεν
2120 1414 2414 1494 ,ἐφετμὰς

638 1514 882 1596 Φοίβου
925 1515 1338 1580 ’Λπόλλωνος
1377 1514 1776 1594 χρυςαόρου,
1822 1514 1896 1580 ὅς
1940 1535 2045 1597 μιν
2088 1514 2327 1591 ἀνώγει

472 1624 597 1682 510
641 1618 890 1697 Τρωςὶν
933 1616 1138 1696 θυμὸν
1181 1615 1452 1696 ἐγεῖραι,
1498 1614 1640 1680 ἐπεὶ
1682 1615 1778 1681 ἰ’δε
1821 1615 2124 1682 Παλλάδ’
2167 1616 2436 1696 Ἀθήνην

646 1719 994 1799 οἰχομένην
1013 1735 1027 1750 ·
1072 1718 1113 1795 ἢ
1159 1717 1282 1796 γάρ
1328 1716 1410 1797 ῥα
1450 1718 1648 1783 πέλεν
1692 1718 2049 1783 Δαναοῖςιν
2094 1717 2377 1798 ἀρηγών.

813 1819 1010 1885 αὐτὸς
1051 1819 1122 1883 δ’
1164 1818 1420 1889 Αἰνείαν
1463 1818 1907 1898 μάλαψπίονός
1948 1820 2015 1885 ἐξ
2054 1819 2327 1885 ἀδύτοιο

642 1922 787 2005 ἧκε,
832 1922 936 1987 καὶ
976 1920 1049 1987 ἐν
1093 1921 1368 2000 ςτήθεςςι
1410 1921 1605 2000 μένος
1650 1919 1804 2001 βάλε
1848 1922 2102 2001 ποιμένι
2148 1926 2346 1987 λαῶν.

642 2024 889 2090 Αἰνείας
932 2023 1000 2087 δ’
1041 2022 1314 2101 ἑτάροιςι
1357 2021 1717 2101 μεθίετατο·
1756 2024 1879 2093 τοὶ
1902 2024 1975 2087 δὲ
2018 2024 2335 2107 χάρηςαν,

478 2132 600 2189 515
648 2126 738 2189 ὡς
782 2124 966 2189 εἶδον
1009 2124 1181 2190 ζωόν
1223 2143 1292 2189 τε
1338 2123 1437 2188 καὶ
1481 2121 1756 2203 ἀρτεμέα
1799 2124 2150 2203 προςιόντα

646 2228 745 2291 καὶ
786 2226 979 2305 μένος
1021 2224 1249 2291 ἐςθλὸν
1291 2224 1556 2304 ἔχοντα·
1599 2225 1998 2305 μετάλληςάν
2041 2245 2114 2302 γε
2159 2227 2275 2307 μὲν
2320 2226 2400 2293 οὔ
2443 2248 2521 2292 τι.

647 2328 728 2394 οὖ
772 2329 895 2408 γὰρ
939 2326 1016 2390 ἔα
1059 2326 1264 2391 πόνος
1310 2325 1541 2407 ἄλλος,
1588 2327 1669 2392 ὃν
1711 2324 2151 2407 ἀργυρότοξος
2193 2328 2439 2407 ἔγειρεν

645 2431 840 2511 Ἄρης
883 2448 952 2493 τε
997 2429 1415 2510 βροτολοιγὸς
1461 2428 1630 2509 Ἔρις
1671 2429 1738 2493 τ’
1781 2427 2025 2510 ἄμοτον
2068 2432 2359 2520 μεμαυῖα.

705 2583 710 2586 -
814 2531 969 2598 τοὺς
1012 2531 1078 2595 δ’
1120 2529 1350 2596 Αἴαντε
1394 2531 1531 2596 δύω
1575 2532 1679 2597 καὶ
1720 2532 2056 2598 Ὀδυςςεὺς
2098 2533 2198 2599 καὶ
2239 2534 2570 2614 Διομήδης

480 2641 606 2700 520
648 2635 948 2714 ὤτρυνον
987 2633 1299 2700 Δαναοὺς
1341 2633 1788 2715 πολεμιζέμεν·
1835 2634 1901 2699 οἳ
1944 2635 2016 2699 δὲ
2060 2634 2164 2700 καὶ
2205 2632 2388 2700 αὐτοὶ

481 2799 662 2807 —-—

617 2886 685 2941 V.
721 2905 772 2941 τ..
822 2892 924 2942 499
959 2888 1150 2958 ἀλῳὰς
1185 2885 1397 2941 Townl.
1464 2887 1641 2943 ceteri
1685 2888 1893 2944 ἀλωὰς.
1933 2917 1993 2927 -
2031 2891 2133 2942 500
2166 2903 2231 2941 τε
2273 2886 2452 2944 omitt.
2493 2885 2560 2943 G.
2598 2889 2664 2943 τὲ
2698 2886 2769 2946 Η.

483 2955 1206 3091 ssxfflssssz‘ff‘zvffiffflffi
1227 2972 1331 3076 τ·
1360 2927 1725 3078 &05050352
1760 2952 2017 3077 &affl
2036 2953 2560 3079 22εῴ252.
2573 2955 2770 3079 Ζε“·.·.·

482 3095 596 3147 503'
616 3093 820 3159 ὕπερθ’
862 3092 1128 3158 ἐγένοντο
1174 3089 1380 3145 GLMN
1415 3090 1567 3145 Vrat.
1610 3106 1660 3144 ο.
1705 3090 1875 3144 Mose.
1918 3098 1960 3144 1.
2014 3092 2238 3146 κονιςάλ
2336 3089 2581 3146 CDEGH
2619 3090 2769 3161 Lips.

483 3159 667 3213 Vrat.:
704 3160 1011 3229 κονιςςάλῳ
1048 3158 1304 3212 ALMNO
1350 3157 1676 3213 Heraclides
1719 3158 1902 3228 Alleg.
1936 3174 1984 3214 c.
2022 3167 2104 3213 10.
2152 3160 2220 3213 ὃν
2243 3109 2326 3226 ἴα
2361 3158 2529 3214 GHL.
2566 3189 2630 3198 —
2668 3166 2770 3214 505

483 3231 598 3282 ὑπο
631 3226 746 3280 CD.
790 3257 841 3266 —
900 3233 1001 3282 506
1045 3226 1099 3281 οἳ
1144 3228 1205 3280 δὲ
1241 3225 1298 3280 C.
1352 3257 1412 3266 —
1457 3232 1557 3281 507
1601 3227 1868 3296 τρῲεςςιν
1904 3224 2016 3280 GL.
2060 3256 2127 3266 ·-
2170 3232 2269 3280 508
2313 3228 2372 3281 ἐκ
2437 3243 2595 3281 αινεν
2630 3225 2680 3279 D
2714 3232 2770 3282 2.

484 3311 633 3367 man.
672 3296 963 3361 ἐκράαινεν
996 3294 1055 3351 L.
1091 3296 1150 3348 δὲ
1185 3295 1469 3362 κραίαινεν
1504 3292 1579 3347 Μ.
1614 3323 1680 3333 —-
1716 3301 1816 3349 510
1849 3295 2022 3362 τρωςί
2047 3293 2205 3347 ΒΗΝ
2231 3293 2374 3348 Scbo
2402 3340 2412 3351 .
2439 3296 2485 3349 Θ
2510 3301 2561 3354 2.
2597 3297 2772 3362 τρῳςὶ

486 3367 552 3416 G.
586 3365 796 3431 τρῳςὶν
830 3361 888 3419 L.
936 3363 1172 3430 ἑγεῑραιε
1209 3364 1425 3430 ἀγείραι
1459 3361 1504 3416 Ε
1540 3366 1668 3427 577,
1707 3368 1786 3416 13.
1832 3359 2014 3415 Schol.
2059 3363 2106 3417 Θ
2142 3367 2189 3415 2.
2236 3362 2420 3417 ίςτέον
2459 3364 2521 3416 δὲ
2562 3363 2652 3416 ὅτι
2696 3366 2771 3416 τὰ

486 3432 669 3486 πλείω
703 3433 827 3484 τῶν
850 3432 1219 3499 ἀντιγράφων
1253 3431 1358 3484 οὐκ
1382 3432 1504 3495 ἀγεῑ
1579 3447 1596 3483 ι
1630 3429 1965 3550 ἶξάφουςιν,
2002 3431 2145 3484 ἀλλὰ
2181 3431 2403 3552 ,,Τᾶωςὶ
2428 3433 2611 3496 θυμὸν
2633 3433 2771 3496 ἐγεῖ-

483 3503 610 3568 ραι“
641 3497 800 3551 Euat.
835 3503 953 3562 577,
992 3495 1069 3553 17’.
1122 3527 1181 3537 ——
1226 3504 1322 3551 511
1361 3499 1397 3565 ἢ
1435 3496 1475 3550 C
1532 3496 1629 3552 HL
1692 3497 1753 3553 Ο.
1801 3498 1910 3565 γάρ
1944 3499 2016 3564 ῥὰ
2051 3496 2164 3552 HL.
2210 3516 2254 3553 π
2322 3514 2350 3552 ε
2386 3495 2504 3554 GO.
2537 3499 2772 3570 ἀρήγων

487 3567 560 3622 Μ.
596 3566 806 3635 ἀρηγός
844 3565 1011 3620 CDN.
1054 3595 1118 3604 —-
1164 3571 1264 3620 513
1300 3568 1520 3633 ςτήθεςι
1556 3565 1682 3619 GM.
1730 3595 1797 3605 —-
1841 3571 1941 3619 514
1976 3568 2098 3630 μεθ’
2129 3567 2324 3622 ἵςτατο
2359 3566 2426 3620 A.
2463 3567 2580 3620 τοίς
2616 3568 2672 3620 οἱ
2708 3565 2769 3618 Ε.

489 3636 544 3692 οἵ
569 3634 642 3688 Μ.
683 3656 706 3683 ⁴
728 3636 788 3688 δὲ
825 3637 1101 3702 χάρηςανε
1137 3632 1267 3686 libri
1299 3634 1352 3687 δ’
1387 3636 1682 3702 ἐχάρηςαν.
1719 3662 1786 3672 -
1822 3638 1922 3687 516
1957 3634 2026 3686 οὔ
2060 3649 2141 3687 τις
2177 3634 2347 3688 οὐδέν
2371 3632 2437 3688 D.
2469 3662 2537 3673 -—
2572 3638 2676 3688 518
2709 3634 2773 3685 τε

488 3701 706 3827 ξαῦΝΟ.
742 3732 806 3741 -
832 3708 933 3757 520
965 3704 1228 3770 ώτρυναν
1263 3699 1430 3756 Mose.
1456 3706 1504 3754 2.
1540 3701 1858 3766 πολεμίζειν
1883 3699 1944 3758 Ε.
1981 3700 2036 3755 οἳ
2068 3702 2131 3757 δὲ
2157 3701 2214 3756 C.
2248 3702 2351 3770 ἠδὲ
2375 3699 2531 3757 Harl.
2553 3699 2767 3755 Townl.

550 3788 657 3827 ose.
700 3778 742 3825 1.

627 4014 691 4067 Δ.
725 4029 777 4066 ο.
825 4016 927 4066 499
959 4012 1031 4066 τὸ
1065 4009 1256 4066 ἀλωάς
1301 4009 1443 4076 μετὰ
1477 4023 1686 4131 προςᾶε
1877 4009 2009 4066 ένου
2043 4009 2065 4064 i
2110 4026 2148 4076 γ
2386 4026 2420 4062 ν
2453 4009 2507 4064 οἱ
2543 4007 2776 4064 παλαιοί

489 4080 673 4135 Cram.
718 4083 822 4134 An.
868 4079 992 4137 Par.
1031 4079 1133 4144 111,
1171 4084 1287 4152 211,
1323 4085 1374 4145 9,
1420 4078 1565 4133 conf.
1669 4122 1681 4133 .
1783 4123 1793 4135 .
1829 4083 1947 4132 212.
1992 4108 2057 4119 -
2100 4085 2201 4134 500
2294 4081 2593 4144 τολεμαῖος
2633 4078 2775 4131 τοὺς

488 4149 1019 4214 δωδεκαςυλλάβους
1053 4148 1274 4214 ςτίχους
1308 4147 1540 4200 ἑκτιθείς
1565 4164 1699 4214 φηςι
1722 4148 1813 4202 καὶ
1846 4151 2060 4201 τοῦτον
2083 4148 2241 4200 οὕτω
2272 4147 2579 4213 γράφεςθαι
2636 4146 2776 4212 ,εὖτ’

491 4217 585 4331 111Ξῖ
596 4217 859 4333 avogi?
896 4217 1117 4335 τήτιᾶρῑ·
1155 4214 1339 4337 ξὲὴῗῑ.
1364 4213 1471 4268 LV.
1511 4221 1730 4338 --ὸξ502ό
1747 4216 1871 4336 καῖ
1885 4216 2094 4336 ἕξῦὲῗν
2106 4217 2189 4336 δὲ
2212 4216 2281 4267 τὸ
2305 4214 2563 4282 ἀχυρμιαί
2587 4186 2772 4266 fichol.

588 4319 601 4332 .
637 4309 701 4318 —
909 4299 1018 4351 ρηγ
1072 4300 1130 4337 νε
1233 4299 1522 4351 ρςταρχος
1626 4300 1694 4336 υτ
1733 4299 1817 4336 νω
1925 4299 1955 4335 ο
2057 4325 2066 4336 .
2160 4326 2172 4341 .
