3144 5006
462 340 583 406 148
1380 344 1715 401 ΙΛΙΑΔΟΕ
1759 344 1813 400 Ε.

627 495 781 561 τοὺς
820 495 985 575 ἵμας’
1030 496 1432 581 Ἀντίλοχος,
1477 499 1635 576 μετὰ
1678 498 1750 562 δὲ
1794 496 2062 576 ςτρατὸν
2107 497 2284 577 ἤλας’
2320 492 2616 577 Ἀχαιῶν.

458 601 584 660 590
795 599 948 664 τοὺς
977 598 1034 663 δ’
1062 599 1305 678 Ἕκτωρ
1336 598 1557 677 ἐνόηςε
1587 599 1746 664 κατὰ
1776 599 1987 679 ςτίχας
2003 649 2021 682 ,
2069 598 2243 680 ὦρτο
2289 600 2345 664 δ’
2375 600 2477 664 ἐπ’
2506 599 2744 665 αὐτοὺς

625 699 975 779 κεκληγώς·
1020 699 1149 780 ἅμα
1192 702 1264 765 δὲ
1308 700 1556 779 Τρώων
1602 699 1866 766 εἵποντο
1912 701 2241 782 φάλαγγες

624 801 949 881 καρτεραί·
991 800 1147 881 ἦρχε
1190 802 1247 866 δ’
1289 800 1416 882 ἄρα
1459 821 1611 882 ςφιν
1655 802 1851 882 Ἄρης
1892 805 1997 869 καὶ
2038 802 2248 869 πότνι’
2289 802 2509 887 Ἐνυώ,

622 902 662 980 ἣ
706 904 822 980 μὲν
866 902 1100 982 ἔχουςα
1143 902 1452 983 κυδοιμὸν
1497 902 1763 969 ἀναιδέα
1807 908 2171 984 δηιοτῆτος,

621 1004 814 1084 Ἄρης
858 1005 916 1069 δ’
960 1005 1031 1071 ἐν
1074 1005 1395 1090 παλάμῃςι
1437 1005 1765 1085 πελώριον
1809 1005 2003 1085 ἔγχος
2048 1007 2297 1089 ἐνώμα,

454 1108 577 1167 595
625 1105 822 1184 φοίτα
864 1107 922 1169 δ’
965 1105 1200 1173 ἄλλοτε
1244 1106 1626 1186 μεν-πρόςθ’
1667 1108 2004 1190 Ἕκτορος,
2049 1105 2270 1173 ἄλλοτ’
2315 1105 2551 1172 ὄπιςθε.
2639 1116 2642 1119 ’

787 1209 905 1273 τὸν
949 1209 1019 1272 δὲ
1067 1208 1224 1275 ἰδὼν
1270 1208 1478 1288 ρίγηςε
1523 1209 1684 1289 βοὴν
1729 1208 1969 1285 ἀγαθὸς
2011 1210 2359 1288 Διομήδης.

529 1322 536 1326 ·
625 1308 714 1374 ὡς
759 1309 817 1373 δ’
861 1307 956 1372 ὅτ’
1000 1309 1164 1388 ἀνὴρ
1209 1307 1617 1390 ἀπάλαμνος,
1664 1310 1780 1379 ἰὼν
1823 1311 2065 1376 πολέος
2108 1309 2387 1401 πεδίοιο,

619 1409 768 1492 ςτήῃ
816 1408 915 1474 ἐπ’
958 1409 1229 1495 ὠκυρόῳ
1272 1417 1544 1495 ποταμῷ
1588 1409 1714 1476 ἅλα
1758 1412 1829 1476 δὲ
1871 1411 2248 1496 προρέοντι,

616 1509 809 1595 ἀφρῷ
852 1511 1267 1591 μορμύροντα
1308 1511 1466 1578 ἰδών
1482 1517 1516 1589 ,’
1545 1511 1675 1578 ἀνά
1716 1512 1772 1577 τ’
1813 1511 2033 1591 ἔδραμ’
2077 1512 2346 1585 ὀπίςςω,

449 1617 573 1676 600
616 1612 705 1676 ὣς
748 1612 894 1678 τότε
938 1613 1244 1694 Τυδείδης
1288 1612 1668 1699 ἀνεχάζετο,
1715 1612 1859 1679 εἶπέ
1903 1634 1972 1679 τε
2016 1617 2184 1697 λαῷ·

785 1713 839 1779 ὦ
882 1715 1094 1798 φίλοι,
1140 1714 1287 1782 οἷον
1334 1718 1411 1795 δὴ
1455 1716 1859 1796 θαυμάζομεν
1902 1716 2174 1795 δἘκτορα
2215 1718 2360 1782 δῖον

614 1814 920 1896 αἰχμητήν
963 1817 1017 1882 τ’
1061 1816 1278 1898 ἔμεναι
1321 1818 1423 1882 καὶ
1463 1817 1821 1897 θαρςαλέον
1864 1819 2272 1897 πολεμιςτήν·

612 1924 705 2003 τῷ
750 1918 809 1983 δ’
849 1917 973 1984 αἰεὶ
1013 1918 1188 1998 πάρα
1232 1918 1323 1985 εἷς
1364 1940 1440 1995 γε
1483 1924 1685 2000 θεῶν,
1734 1921 1808 1986 ὃς
1853 1921 2078 1997 λοιγὸν
2124 1918 2380 2000 ἀμύνει·

614 2021 714 2085 καὶ
758 2025 877 2085 νῦν
923 2019 986 2085 οἱ
1016 2020 1205 2099 πάρα
1248 2023 1462 2086 κεῖνος
1506 2021 1701 2100 Ἄρης
1747 2024 1960 2105 βροτῷ
2006 2020 2194 2100 ἀνδρὶ
2237 2021 2477 2087 ἐοικώς.

445 2126 566 2184 605
611 2119 781 2186 ἀλλὰ
822 2122 987 2200 πρὸς
1030 2121 1257 2200 Τρῶας
1299 2123 1717 2203 τετραμμένοι
1757 2121 1895 2187 αἰὲν
1941 2120 2177 2203 ὀπίςςω

612 2220 841 2306 εἴκετε,
885 2224 968 2303 μὴ
1014 2224 1086 2289 δὲ
1128 2225 1301 2289 θεοῖς
1344 2223 1754 2303 μενεαινέμεν
1798 2220 1903 2303 ἶφι
1943 2222 2262 2303 μάχεςθαι.

780 2323 869 2389 ὣς
913 2321 1016 2403 ἄρ’
1059 2322 1219 2407 ἔφη,
1265 2324 1483 2404 Τρῶες
1527 2326 1601 2391 δὲ
1644 2323 1813 2405 μάλα
1858 2326 2089 2405 ςχεδόν
2131 2324 2377 2404 ἤλυθον
2421 2324 2657 2390 αὐτῶν.

610 2424 743 2490 ἔνθ’
785 2426 1030 2506 Ἕκτωρ
1074 2426 1195 2491 δύο
1240 2430 1420 2507 φῶτε
1465 2426 1847 2492 κατέκτανεν
1892 2425 2096 2492 εἰδότε
2141 2426 2414 2508 χάρμης.

608 2525 702 2593 εἰν
746 2527 842 2593 ἑνὶ
884 2528 1097 2613 δίφρῳ
1140 2526 1355 2607 ἐόντε,
1403 2528 1732 2609 Μενέςθην
1777 2528 2111 2608 Ἀγχίαλόν
2155 2549 2245 2594 τε.

444 2636 567 2694 610
609 2629 702 2694 τὼ
746 2630 819 2694 δὲ
861 2629 1118 2696 τιεςόντ’
1162 2628 1378 2709 ἐλέηςε
1421 2629 1618 2710 μέγας
1662 2630 2071 2710 Τελαμώνιος
2116 2628 2294 2694 Αἴας·

608 2734 717 2811 ςτῆ
762 2731 833 2796 δὲ
879 2730 1025 2810 μάλ’
1067 2730 1258 2808 ἐγγὺς
1302 2730 1448 2818 ἰών,
1497 2733 1600 2796 καὶ
1643 2730 1929 2797 ἀκόντιςε
1975 2732 2161 2810 δουρὶ
2205 2735 2489 2814 φαεινῷ,

606 2833 708 2898 καὶ
752 2833 945 2912 βάλεν
988 2834 1304 2913 Ἄμφιον,
1348 2830 1635 2910 (ελάγου
1681 2833 1853 2912 υἱόν,
1899 2832 1972 2898 ὅς
2019 2832 2075 2911 ρ’
2120 2833 2217 2897 ἐνὶ
2258 2831 2483 2916 Παιςῷ

574 3016 642 3073 V.
675 3037 732 3073 ι.
791 3023 892 3073 589
936 3019 1073 3074 τοὺς
1115 3018 1267 3086 ἵμας’
1299 3015 1799 3072 ACDGHLMNOS
1843 3016 2027 3076 Eat-L:
2072 3016 2246 3086 vulgo
2290 3017 2429 3072 τοὺς
2473 3017 2525 3070 δ’
2556 3016 2724 3083 ἵμας’,

436 3085 589 3154 quod
626 3101 755 3139 oum
789 3101 862 3140 ne
897 3102 1041 3139 unus
1074 3085 1307 3153 quidem
1332 3100 1401 3139 ex
1435 3084 1595 3138 libris
1618 3084 1759 3138 meis
1795 3084 2084 3150 exhibeat,
2121 3089 2306 3152 neque
2329 3083 2727 3153 paraphrastes

435 3153 589 3273 {Em
611 3152 934 3207 Bekkerum
959 3154 1252 3222 agnoscat,
1278 3168 1493 3231 meran}
1520 3152 1901 3206 coniecturam
1926 3168 2045 3206 esse
2069 3151 2258 3205 iudico
2303 3181 2369 3191 -
2393 3157 2488 3206 591
2515 3151 2725 3251 τρώων

535 3260 547 3274 .
583 3251 650 3260 -
684 3226 785 3275 592
819 3224 1087 3288 κρατεραὶ
1123 3218 1384 3275 CGHMN
1418 3218 1567 3289 L1ps.
1603 3222 1738 3287 ςφὶν
1773 3218 1840 3274 G.
1877 3250 1939 3260 —
1980 3225 2080 3274 595
2116 3221 2313 3274 ὂπιςθε
2336 3217 2562 3274 ACDH.
2597 3207 2725 3273 ὄπι-

436 3293 565 3343 ςθεν
600 3285 923 3342 EGLMNO.
966 3317 1037 3328 --
1080 3293 1180 3342 596
1215 3288 1384 3342 τόνδε
1420 3286 1486 3341 G.
1538 3289 1676 3342 τοὺς
1720 3288 1784 3342 δε
1826 3286 1904 3341 Μ.
1950 3285 2105 3341 Harl.
2159 3287 2385 3355 ῥίγηςεν
2420 3285 2487 3346 D.
2522 3316 2587 3325 —
2624 3293 2722 3341 597

435 3353 797 3477 wangon&
817 3354 1034 3478 355⁷&
1054 3354 1350 3479 ffitzcffiag'
1367 3352 1639 3477 {⁴313}ss
1664 3354 1889 3478 {yffi}
1914 3354 2134 3477 gngog·
2152 3355 2512 3478 ἶνέθὲῑιὲζὲρ
2548 3353 2723 3477 όῗῑὲἑ

433 3426 588 3546 ἓέαΙι.
623 3491 752 3545 εἶπε
786 3493 852 3545 τὲ
887 3489 956 3544 Ν.
1002 3520 1067 3530 -
1111 3495 1211 3545 602
1255 3440 1486 3558 ἔμέεναι
1520 3489 1591 3545 Ν.
1639 3519 1706 3530 ·—-
1744 3462 1991 3558 '604³Ap
2031 3507 2084 3546 c:
2132 3491 2168 3545 ἀ
2263 3440 2296 3490 χ
2321 3477 2501 3544 Οταιιι.
2536 3465 2722 3559 Epim.

434 3564 550 3627 228,
588 3564 682 3625 25;
718 3564 835 3625 248,
873 3564 956 3614 30.
1004 3589 1069 3598 -
1116 3563 1217 3615 605
1249 3564 1439 3628 τρῷας
1478 3557 1588 3616 GL.
1625 3589 1691 3598 —
1728 3563 1826 3613 606
1863 3562 1939 3626 μὴ
1975 3561 2008 3613 δ
2073 3556 2218 3612 ACD
2278 3556 2511 3611 LMNO:
2544 3557 2722 3627 uulgo

433 3662 590 3731 μηδὲ.
646 3661 1006 3759 μενεξιχέμεν
1051 3660 1118 3714 G.
1167 3695 1230 3705 -
1282 3665 1381 3715 607
1427 3661 1496 3728 ἂρ
1538 3657 1667 3713 ΒΜ.
1713 3635 1788 3728 dg
1837 3660 1903 3717 Ο.
1956 3665 2139 3730 τρῷες
2186 3657 2295 3713 GL.
2351 3688 2413 3698 —
2467 3662 2566 3712 608
2600 3659 2720 3712 δύω

431 3760 709 3818 DGHNO.
743 3791 809 3801 -·
844 3766 945 3817 609
980 3762 1242 3883 Ἱχίαλόν
1275 3778 1341 3817 τε
1377 3760 1443 3819 Ο.
1479 3791 1544 3802 -
1581 3766 1682 3817 610
1714 3763 1864 3817 τώδε
1903 3759 1967 3815 G.
2014 3792 2058 3800 -
2119 3766 2218 3816 612
2254 3762 2318 3816 ὅς
2350 3760 2428 3829 ῥ’;
2465 3761 2528 3815 ὅς
2562 3759 2618 3826 γ’
2654 3758 2719 3813 Ο.

431 3837 643 3899 παιςςῲ
680 3830 747 3887 G.
785 3835 970 3887 πεςςῷ
1056 3873 1069 3888 .
1105 3830 1301 3900 Παίςῳ
1339 3829 1533 3884 Zonar.
1569 3829 1703 3884 Lex.
1739 3835 1856 3884 247.
1930 3885 1943 3892 ,

566 4001 631 4054 A.
668 4018 715 4053 c.
779 4005 877 4055 597
924 4015 951 4054 ς
1026 4016 1089 4068 ῃ,
1135 3999 1279 4054 conf.
1323 3997 1393 4058 H.
1438 3998 1506 4056 U.
1550 4005 1663 4055 198.
1688 4001 1693 4004 ’
1715 4029 1777 4038 -
1823 4003 1923 4054 605
1967 3999 2356 4066 μενεαινέμενε
2394 3998 2719 4065 μενεαίνετε

431 4067 667 4122 Ahrsns.
703 4066 773 4121 ds
809 4066 945 4121 hiat.
1038 4083 1147 4120 om.
1181 4067 1237 4121 le
1283 4108 1294 4120 .
1333 4065 1670 4136 quibusdam
1712 4065 2015 4137 generibus
2056 4084 2155 4137 pg.
2200 4072 2285 4124 31..
2329 4065 2474 4120 conf.
2493 4083 2506 4093 ·
2526 4068 2561 4122 Γ
2599 4073 2720 4122 459.

429 4163 495 4175 —-—
532 4139 632 4188 609
667 4134 1019 4188 Aristarchus
1054 4084 1367 4256 Mevecgflm
1403 4134 1500 4188 alii
1527 4136 1820 4203 Μενέςτην
1855 4136 1944 4189 διὰ
1976 4139 2081 4189 τοῦ
2118 4141 2181 4189 ff.
2217 4136 2287 4188 τὸ
2324 4135 2385 4188 δὲ
2422 4135 2520 4200 Ἀγ
2558 4135 2719 4190 ίάλον

476 4202 744 4254 ιλωτέον·
780 4202 975 4268 κύριον
1010 4204 1117 4270 γὰρ
1153 4201 1297 4257 Scho
1323 4245 1336 4258 .
1372 4201 1485 4256 LV.
1521 4202 1664 4256 conf.
1703 4202 1769 4256 Η.
1804 4201 1865 4261 Τ.
1900 4206 2017 4256 416.
2054 4232 2117 4240 -
2155 4206 2253 4255 612
2290 4202 2485 4271 Παιςῷ
2556 4201 2720 4257 traho

509 4265 586 4333 ΙΙ,
619 4272 737 4326 589.
794 4267 1148 4323 Herodianus
1182 4268 1254 4323 ad
1289 4269 1335 4323 B
1369 4274 1488 4327 828.
1549 4269 1637 4331 Et.
1673 4269 1791 4340 ΜΒ.
1830 4276 1943 4337 119,
1979 4275 2060 4324 33.
