3144 5006
1625 0 1638 2 —
1655 0 1666 2 -
1731 0 1876 10 —n-r:
1901 0 2616 20 mrw
2427 0 2698 24 ------.-..·'—
2715 0 2776 26 --ῑ

1278 408 1614 465 ΙΛΙΑΔΟΕ
1671 406 1870 462 XXIV.
2591 410 2715 476 357

597 565 830 643 τλητὸν
876 565 998 644 γάρ
1043 568 1260 644 μοῖραι
1303 565 1506 644 θυμὸν
1549 565 1739 630 θέςαν
1785 565 2240 644 άνθρώποιςιν.

470 671 556 728 50
598 666 803 746 αὐτὰρ
850 666 888 731 ὅ
931 668 993 743 γ’
1036 668 1310 746 Ἕκτορα
1352 669 1535 751 δῖον,
1580 667 1722 732 ἐπεὶ
1766 667 1963 748 φίλον
2007 667 2167 748 ἦτορ
2211 665 2504 750 ἀπηύρα,

595 767 818 834 ἵππων
863 769 1156 836 ἐξάπτων
1200 771 1348 848 περὶ
1392 769 1528 850 ςῆμ’
1571 769 1830 847 ἑτάροιο
1877 770 2098 850 φίλοιο

598 869 797 935 ἕλκει·
846 869 927 935 οὐ
970 871 1094 950 μήν
1141 869 1202 935 οἱ
1246 872 1323 936 τό
1367 891 1440 947 γε
1485 870 1750 937 κάλλιον
1796 871 1950 936 οὐδέ
1995 871 2048 935 τ’
2092 868 2384 949 ἄμεινον.

595 973 676 1052 μὴ
722 971 943 1055 ἀγαθῷ
987 992 1109 1052 περ
1155 972 1329 1038 ἐόντι
1372 974 1888 1054 νεμεςςηθέωμέν
1934 973 1996 1038 οἱ
2039 972 2250 1053 ἡμεῖς·

594 1076 821 1156 κωφὴν
867 1077 992 1153 γὰρ
1038 1076 1116 1154 δὴ
1161 1078 1351 1151 γαῖαν
1397 1076 1648 1141 ἀεικίζει
1691 1077 2061 1156 μενεαίνων.

468 1181 550 1239 55
755 1177 874 1244 τὸν
919 1178 991 1242 δὲ
1034 1178 1449 1257 χολωςαμένη
1495 1179 1792 1259 προςέφη
1838 1177 2240 1243 λευκώλενος
2282 1177 2479 1256 ἵἨρη·

598 1276 693 1357 εἴη
740 1300 848 1345 κεν
894 1281 996 1344 καὶ
1038 1283 1232 1344 τοῦτο
1278 1279 1429 1344 τεὸν
1475 1279 1636 1345 ἔπος
1680 1279 2106 1362 ἀργυρότοξε,

593 1380 647 1444 εἰ
691 1381 769 1461 δὴ
815 1380 977 1460 ὁμὴν
1024 1383 1261 1461 Ἀχιλῆι
1304 1382 1406 1445 καὶ
1449 1381 1701 1460 Ἕκτορι
1746 1381 1964 1460 θήςετε
2007 1380 2210 1460 τιμήν.

593 1482 836 1561 Ἕκτωρ
881 1484 995 1563 μὲν
1041 1483 1276 1564 θνητός
1320 1503 1389 1548 τε
1432 1481 1707 1560 γυναῖκά
1748 1504 1817 1548 τε
1862 1485 2097 1563 θήςατο
2142 1481 2343 1562 μαζόν
2362 1502 2377 1516 ·

590 1583 795 1662 αὐτὰρ
839 1584 1164 1665 Ἀχιλλεύς
1209 1586 1334 1651 ἑςτι
1379 1588 1528 1650 θεᾶς
1570 1584 1796 1662 γόνος,
1842 1586 1922 1663 ἣν
1968 1585 2097 1661 ἐγὼ
2143 1585 2303 1662 αὐτὴ

463 1691 547 1749 60
589 1686 802 1766 θρέψά
843 1707 913 1752 τε
956 1687 1056 1751 καὶ
1099 1685 1361 1766 ἀτίτηλα
1404 1689 1508 1751 καὶ
1549 1687 1739 1767 ἀνδρὶ
1780 1688 1991 1767 πόρον
2036 1686 2446 1767 παράκοιτιν,

588 1789 819 1868 Πηλεῖ,
866 1789 941 1855 ὃς
986 1790 1134 1869 περὶ
1176 1792 1317 1868 κῆρι
1362 1791 1556 1871 φίλος
1598 1788 1804 1865 γένετ’
1846 1786 2232 1855 ἀθανάτοιςι.
2501 1775 2512 1781 ’

588 1889 825 1956 πάντες
868 1892 926 1955 δ’
971 1890 1308 1956 ἀντιάαςθε
1351 1893 1489 1957 θεοὶ
1533 1892 1773 1971 γάμου·
1820 1890 1891 1955 ἐν
1939 1891 2010 1956 δὲ
2055 1890 2127 1956 ςὺ
2172 1893 2333 1955 τοῑςι

587 1992 791 2058 δαίνυ>
824 1992 1008 2072 ἔχων
1052 1994 1409 2076 φόρμιγγα,
1454 2000 1667 2059 κακῶν
1713 1993 1906 2076 ἕταρ’,
1951 1990 2087 2057 αἰὲν
2133 1991 2370 2056 άπιςτε.

762 2097 882 2174 τὴν
924 2096 982 2160 δ’
1026 2095 1534 2175 ἀπαμειβόμενος
1578 2095 1873 2176 προςέφη
1918 2093 2393 2175 νεφεληγερέτα
2435 2093 2630 2158 Ζεύς·

466 2201 545 2258 65
590 2197 794 2278 Ἥρη,
842 2199 924 2277 μὴ
969 2199 1047 2277 δὴ
1093 2197 1361 2277 πάμπαν
1407 2196 1879 2277 ἀποςκύδμαινε
1924 2199 2193 2262 θεοῑςιν·

591 2298 669 2362 οὐ
714 2301 830 2378 μὲν
875 2302 999 2378 γάρ
1043 2301 1186 2380 τιμή
1230 2320 1304 2376 γε
1349 2300 1433 2380 μί’
1474 2298 1747 2365 ἔςςεται·
1794 2298 1960 2364 ἀλλὰ
2002 2299 2102 2363 καὶ
2144 2298 2390 2376 Ἕκτωρ

585 2400 892 2482 φίλτατος
936 2402 1073 2466 ἔςκε
1118 2405 1316 2467 θεοῖςι
1361 2406 1641 2483 βροτῶν,
1687 2402 1754 2465 οἳ
1795 2400 1867 2466 ἐν
1911 2401 2071 2483 Ἰλίῳ
2117 2399 2301 2465 εἰςίν·

584 2503 674 2569 ὣς
717 2503 841 2583 γὰρ
884 2502 1023 2583 ἐμοί
1065 2505 1148 2587 γ’,
1192 2506 1332 2594 ξπεὶ
1375 2505 1455 2570 οὔ
1499 2526 1557 2569 τι
1602 2503 1814 2586 φίλων
1858 2502 2180 2584 ἡμάρτανε
2224 2501 2478 2581 δώρων.

585 2605 664 2670 οὐ
708 2605 831 2685 γάρ
875 2605 980 2684 μοί
1024 2624 1183 2670 ποτε
1230 2607 1443 2687 βωμὸς
1489 2606 1750 2670 ἐδεύετο
1795 2606 2012 2671 δαιτὸς
2056 2605 2253 2686 ἐίςης,

460 2714 541 2771 70
584 2710 801 2786 λοιβῆς
846 2727 913 2772 τε
960 2709 1169 2787 κνίςης
1214 2728 1316 2772 τε·
1363 2709 1440 2773 τὸ
1483 2709 1609 2786 γὰρ
1654 2707 1937 2787 λάχομεν
1981 2706 2175 2786 γέρας
2218 2705 2413 2786 ἡμεῖς.

717 2862 819 2870 ———

550 2976 616 3030 V.
656 2995 703 3029 1..
773 2983 839 3030 49
875 2978 1219 3046 ἀνθρώποιςι
1252 2975 1373 3035 DH.
1420 3008 1484 3017 —
1529 2983 1596 3031 50
1630 2978 1723 3031 ἐπὶ
1807 2978 1930 3031 ίλον
1966 2976 2034 3030 Η.
2078 3007 2144 3016 -
2189 2982 2253 3032 51
2291 2977 2481 3044 φίλοιο
2517 2978 2698 3037 omitt.

418 3047 473 3100 C.
510 3076 575 3084 —
612 3052 676 3100 52
713 3046 781 3099 οὐ
819 3047 929 3113 μὴν
966 3046 1032 3100 οὐ
1071 3043 1124 3098 8.
1164 3048 1276 3113 μὴν
1312 3045 1369 3100 οἷ
1404 3043 1460 3097 L.
1502 3046 1624 3100 οὐδ’
1658 3047 1739 3100 ἔτ’
1821 3089 1834 3101 .
1872 3076 1938 3083 -—-
1985 3050 2050 3099 53
2087 3047 2515 3114 νεμεςςηθῶμέν
2550 3044 2699 3101 libri.

415 3182 468 3236 οἱ
504 3184 593 3235 καὶ
629 3182 790 3246 ἡμεῖς
824 3182 891 3233 A.
928 3210 991 3219 -
1029 3185 1095 3234 54
1131 3182 1200 3248 δὴ
1238 3180 1417 3235 omitt.
1455 3180 1565 3236 CD.
1593 3131 1763 3247 βαῖαν
1808 3179 1877 3235 Η.
1922 3140 2225 3248 μενιῗιίνων
2269 3181 2337 3236 Η.
2384 3217 2450 3225 -
2495 3187 2561 3236 55
2606 3197 2696 3248 χο·

417 3268 737 3383 λωςάμένόις
774 3316 843 3373 Η.
866 3345 947 3375 -,
969 3321 1032 3369 57
1068 3316 1290 3383 ἀχιλλῆῖ
1324 3333 1389 3371 τε
1427 3319 1515 3371 καί
1541 3317 1608 3371 D.
1648 3347 1710 3357 —
1749 3321 1815 3371 58
1853 3318 1956 3384 μὲν
1989 3318 2096 3385 γὰρ
2118 3316 2185 3371 D.
2225 3318 2332 3385 γὰρ
2369 3316 2694 3372 Athenaeus

414 3383 504 3449 IX,
543 3388 659 3438 396.
699 3385 911 3449 μαςτὸν
956 3382 1045 3441 Et.
1094 3383 1209 3467 Mg.
1247 3391 1332 3448 24,
1367 3390 1450 3438 45.
1497 3415 1561 3423 -
1609 3391 1675 3440 59
1722 3387 1971 3452 ἀχϊλεὺς,
2019 3386 2133 3439 ἔςτι
2170 3385 2227 3443 C.
2272 3387 2386 3440 ἑςτί
2431 3384 2495 3438 Ε.
2544 3390 2695 3442 θεοῖς

417 3453 584 3518 γόνος
621 3450 769 3519 Lips.
804 3481 871 3490 -
907 3457 974 3504 60
1008 3456 1042 3507 θ
1107 3469 1189 3516 ψα
1223 3470 1288 3506 τε
1325 3450 1530 3506 ACDL.
1568 3455 1750 3520 θρέψα
1785 3455 1851 3507 τὲ
1887 3453 1951 3506 G.
1988 3453 2226 3508 ἀτίταλα
2259 3452 2413 3507 Harl.
2439 3452 2608 3507 Mose.
2645 3461 2694 3508 2.

413 3550 473 3560 --
511 3525 573 3572 61
613 3524 781 3587 πηλεῑ
804 3518 1050 3574 ACDEH
1099 3519 1151 3572 S.
1189 3538 1316 3589 περι
1342 3519 1408 3573 D.
1448 3522 1768 3576 ἀθανάτοιςι
1791 3519 2151 3575 ACDEGHL.
2180 3551 2242 3561 —
2270 3528 2336 3574 62
2372 3522 2692 3577 ἀντιάςεςθε

414 3587 569 3646 Vrat.
606 3586 659 3646 b.
695 3589 875 3655 γάμου
913 3590 1033 3642 θεοὶ
1071 3586 1254 3646 801301.
1299 3587 1459 3642 Pind.
1497 3588 1661 3657 Pyth.
1700 3589 1795 3649 ΙΙΙ.
1837 3595 1949 3643 165.
1994 3595 2132 3644 τοῑςι
2177 3588 2488 3644 ACEGHL.
2524 3620 2590 3629 —-
2626 3596 2691 3644 63

420 3656 629 3711 δαίνυς’
662 3654 799 3709 Mor.
836 3656 982 3711 conf.
1029 3656 1277 3711 δαίνυςαι
1321 3674 1367 3724 φ
1403 3662 1517 3712 290.
1561 3658 1751 3712 ἵςταςο
1795 3658 1837 3709 Λ
1883 3664 2000 3712 314.
2046 3660 2085 3713 Ρ
2126 3664 2238 3712 179.
2285 3660 2444 3712 ἑςςυο
2478 3658 2537 3712 Π
2572 3664 2689 3713 585.

411 3743 427 3778 ι
458 3730 575 3777 447.
624 3724 840 3791 μάρναο
877 3725 922 3778 O
959 3730 1075 3777 475.
1112 3726 1167 3778 Π
1202 3731 1320 3782 497.
1357 3726 1605 3793 ἐμάρναο
1641 3743 1674 3793 χ
1709 3732 1826 3780 228.
1862 3755 1926 3764 -
1964 3732 2030 3780 64
2064 3728 2235 3791 τὴνδε
2271 3724 2342 3781 Η.
2386 3729 2692 3794 νεφεληγε·

414 3829 549 3894 ρέτα
583 3829 647 3880 Α.
690 3857 748 3865 —-
799 3831 865 3880 65
903 3829 976 3892 μὴ
1014 3828 1075 3880 δὲ
1102 3825 1179 3899 Η.
1223 3831 1298 3894 μὴ
1339 3830 1406 3894 δὴ
1448 3828 1636 3882 πάντα
1673 3826 1852 3881 Cram.
1889 3827 1994 3880 An.
2043 3826 2168 3884 Par.
2213 3828 2315 3892 ΙΙΙ,
2357 3832 2470 3892 149,
2507 3794 2690 3880 *ΔΥ*

409 3901 468 3948 67
507 3896 607 3949 εἰςί
642 3894 708 3949 D.
753 3923 820 3931 —
863 3898 929 3948 68
976 3895 1057 3950 ὡς
1100 3895 1167 3948 Η.
1221 3897 1408 3962 ἔμοιγε
1446 3894 1505 3954 L.
1548 3926 1616 3934 —
1661 3901 1728 3949 69
1776 3912 1866 3959 μοι
1909 3898 2051 3950 ποτὲ
2098 3894 2260 3949 GHL.
2315 3897 2502 3962 βωμός
2547 3912 2689 3950 ποτε

411 3965 604 4018 δεύετο
638 3961 705 4021 D.
746 3962 927 4030 ἐῖςςης
964 3961 1051 4017 CL
1088 3961 1235 4035 Lips.
1278 4001 1345 4009 —
1394 3970 1458 4018 70
1494 3964 1713 4032 κνίςςης
1751 3961 2013 4017 CDGHL.
2057 3964 2226 4031 γέρας
2269 3965 2404 4030 ἡμῖν
2439 3962 2598 4020 Vrat.
2634 3962 2690 4023 d,

539 4222 603 4276 A.
639 4237 687 4273 c.
758 4227 822 4275 53
861 4220 1144 4273 ἀθετεῑται
1190 4219 1375 4275 801101.
1424 4218 1527 4275 BC.
1574 4219 1901 4288 ἀρίςταρχος
1949 4221 2410 4289 νεμεςςηθέωμεν
2457 4220 2546 4271 διὰ
2580 4224 2684 4271 τοῦ

408 4293 472 4358 ffe-
503 4303 845 4371 Didymus,
884 4335 951 4343 —
989 4310 1053 4357 59
1089 4304 1215 4357 ἀντὶ
1248 4308 1352 4358 τοῦ
1395 4305 1566 4368 γόνος
1603 4307 1752 4359 τινές
1796 4307 2072 4373 γράφουςι
2116 4306 2248 4360 πάϊς
2293 4304 2476 4361 801101.
2515 4302 2582 4356 V.
2619 4332 2684 4340 —-—

408 4378 468 4426 64
503 4375 647 4426 τινὲς
683 4377 790 4440 τὴν
824 4375 886 4428 δὲ
920 4373 1043 4439 μέγ’
1076 4374 1317 4439 ὸχθήςας
1355 4369 1532 4431 Schol.
1570 4371 1650 4438 V,
1688 4375 1833 4427 conf.
1877 4378 1989 4427 138.
