3144 5006
1336 429 1668 485 ΙΛΙΑΔΟ(
1722 429 1815 483 ΙΧ.
2589 428 2716 495 263

596 587 787 650 ναῖον
832 583 889 649 δ’
933 584 1223 663 έςχατιὴν
1269 582 1461 661 Φθίης
1505 583 1912 650 Δολόπεςςιν
1957 584 2265 651 ἀνάςςων.

426 691 549 750 485
596 686 697 752 καί
742 677 806 751 ςέ
851 690 1165 751 τοςοῦτον
1212 686 1405 764 ἔθηκα
1449 689 1623 751 θεοῖς
1667 686 1961 751 ἐπιείκελ’
2006 687 2313 770 Ἀχιλλεῦ,

596 788 665 853 ἐκ
708 791 912 867 θυμοῦ
957 788 1237 870 φιλέων,
1283 787 1422 852 ἐπεὶ
1467 786 1587 852 οὐκ
1630 786 1953 853 ἑθέλεςκες
1998 788 2100 867 ἅμ’
2142 788 2322 873 ἄλλῳ

595 888 733 954 οὔτ’
778 888 843 955 ἐς
886 889 1048 955 δαῖτ’
1094 888 1251 954 ἰέναι
1298 887 1434 953 οὔτ’
1479 889 1550 956 ἐν
1597 889 1918 969 μεγάροιςι
1956 890 2293 973 πάςαςθαι,

594 992 743 1071 πρίν
788 991 846 1067 γ’
889 991 999 1057 ὅτε
1045 991 1124 1069 δή
1172 991 1224 1056 c’
1268 990 1369 1056 ἐπ’
1410 990 1651 1071 ἐμοῑςιν
1698 991 1827 1067 ἐγὼ
1873 992 2165 1068 γούνεςςι
2208 993 2497 1058 καθίςςας

595 1091 774 1172 ὄψου
818 1093 871 1157 τ’
916 1093 1124 1173 ἄςαιμι
1169 1094 1520 1172 προταμὼν
1566 1094 1671 1158 καὶ
1715 1091 1902 1159 οἶνον
1948 1094 2243 1174 έπιςχών.

425 1200 551 1259 490
594 1195 871 1260 πολλάκι
917 1215 1025 1274 μοι
1069 1194 1444 1260 κατέδευςας
1489 1194 1595 1260 ἐπὶ
1626 1197 1915 1277 ςτήθεςςι
1961 1198 2203 1275 χιτῶνα

593 1295 780 1362 οἴνου
826 1296 1213 1377 ἀποβλύζων
1261 1295 1332 1361 ἐν
1379 1296 1607 1379 νηπιέῃ
1653 1297 1972 1381 ἀλεγεινῇ.

593 1399 682 1464 ὣς
727 1398 831 1464 ἐπὶ
873 1399 969 1464 ςοὶ
1014 1399 1183 1478 μάλα
1227 1397 1441 1463 πολλὰ
1486 1398 1697 1464 πάθον
1742 1400 1844 1464 καὶ
1884 1401 2101 1464 πολλὰ
2145 1400 2406 1482 μόγηςα,

591 1502 672 1566 τὰ
715 1501 1046 1583 φρονέων,
1092 1500 1131 1565 ὅ
1176 1519 1283 1579 μοι
1328 1498 1407 1564 οὔ
1450 1521 1510 1564 τι
1553 1501 1694 1564 θεοὶ
1736 1500 1940 1576 γόνον
1986 1501 2335 1569 ἐξετέλειον

591 1602 657 1669 ἐξ
702 1601 883 1682 ἐμεῦ·
928 1601 1095 1668 ἀλλὰ
1137 1603 1205 1667 (ὲ
1249 1605 1450 1667 παῖδα
1491 1604 1667 1667 θεοῖς
1712 1601 2005 1667 ἐπιείκελ’
2048 1603 2335 1681 Ἀχιλλεῦ

421 1708 546 1767 495
591 1705 938 1785 ποιεύμην,
981 1703 1093 1782 ἵνα
1135 1703 1240 1781 μοί
1285 1704 1432 1769 ποτ’
1477 1702 1693 1768 ἀεικέα
1738 1704 1963 1780 λοιγὸν
2010 1703 2270 1788 ἀμύνῃς.

591 1805 732 1871 ἀλλ’
779 1806 1027 1886 Ἀχιλεῦ
1073 1806 1358 1883 δάμὰςον
1404 1804 1606 1886 θυμόν
1650 1806 1879 1884 μέγαν·
1927 1805 2079 1871 οὐδέ
2123 1806 2181 1871 τί
2226 1827 2290 1871 ςε
2335 1808 2454 1886 χρὴ

590 1908 812 1986 νηλεὲς
855 1906 1012 1986 ἦτορ
1057 1907 1259 1986 ἔχειν·
1306 1908 1604 1986 ςτρεπτοὶ
1646 1908 1727 1971 δέ·
1759 1927 1829 1971 τε
1876 1907 1975 1995 καὶ
2018 1907 2154 1972 θεοὶ
2198 1908 2413 1991 αὐτοί,

520 2028 526 2037 ‘
588 2014 719 2074 τῶν
765 2029 886 2087 περ
930 2008 1031 2074 καὶ
1075 2009 1303 2087 μείζων
1350 2008 1544 2087 ἀρετὴ
1591 2009 1733 2088 τιμή
1778 2028 1845 2073 τε
1893 1998 1989 2087 βίη
2035 2030 2120 2073 τε.

591 2112 694 2176 καὶ
735 2112 849 2192 μὲν
894 2111 1048 2176 τοὺς
1093 2110 1338 2176 θυέεςςι·
1377 2110 1478 2174 καὶ
1520 2110 1809 2193 εὐχωλῇ(
1862 2109 2135 2194 ἀγανῇςι

422 2219 547 2277 500
591 2214 770 2296 λοιβῇ
815 2232 883 2277 τε
927 2213 1102 2296 κνίςῃ
1147 2231 1215 2277 τε
1259 2211 1735 2291 παρατρωπῶς’
1778 2211 2113 2301 ἄνθρωποι

590 2274 975 2396 λίςςόμενᾸι,
1020 2312 1131 2378 ὅτε
1175 2276 1284 2397 κέν
1326 2333 1421 2378 τις
1466 2296 1897 2407 ύπερβήῃμαὶ
1941 2313 2068 2393 ἁμά
2109 2335 2202 2397 τῃ.

589 2380 688 2480 καζι
731 2415 851 2495 γάρ
895 2436 964 2481 τε
997 2416 1177 2514 ’λιταί
1219 2406 1329 2481 είςι
1372 2414 1540 2481 Διὸς
1584 2410 1806 2494 κοῦράι
1850 2415 2048 2494 μεγάλ
2096 2437 2177 2498 ιο,

591 2518 792 2597 χωλαί
833 2538 901 2583 τε
948 2517 1124 2597 ῥῦςαί
1168 2490 1238 2582 τε
1281 2516 1711 2608 παραβλῶπές
1754 2518 1808 2582 τ’
1852 2517 2192 2601 ὀφθαλμώ,

589 2587 658 2684 α(
697 2618 780 2697 ῥά
823 2639 891 2684 τε
936 2593 1036 2684 καί
1080 2619 1398 2700 μετόπιςθ’
1441 2607 1596 2699 ἄτής
1640 2605 1940 2697 ἀλέγουςι
1986 2601 2263 2684 nobem.-

553 2803 623 2857 V.
661 2823 714 2858 1..
764 2810 866 2860 488
900 2805 1156 2870 γούνεςςι
1190 2803 1240 2855 Α
1277 2804 1492 2859 Townl.
1527 2806 1790 2870 γούναςςι
1825 2803 1883 2858 C.
1922 2778 2153 2869 γούναὲι
2189 2803 2254 2859 D.
2290 2806 2522 2870 γούναςι
2556 2804 2707 2858 EGH

417 2871 501 2926 LS
535 2870 688 2926 Eunt.
738 2878 892 2935 1283,
940 2877 1022 2928 36.
1078 2871 1303 2927 καθίςας
1345 2871 1442 2926 EG
1475 2871 1631 2926 Eunt.
1676 2877 1834 2937 1283,
1874 2879 1955 2926 36.
2001 2902 2061 2911 —
2110 2877 2210 2926 489
2246 2872 2395 2940 ὄψου
2439 2876 2517 2928 τ’;
2556 2874 2707 2940 ὄψου

415 2938 702 2994 ACDHLS
748 2938 906 2994 Cant.
951 2939 1165 2999 Townl,
1210 2938 1368 2994 Vrat.
1411 2939 1465 2997 b.
1511 2970 1579 2978 —
1625 2946 1725 2994 490
1762 2942 2030 3000 πολλάκις
2074 2938 2135 2997 L.
2180 2941 2296 2995 ἐπίε
2334 2940 2417 2993 ἐνὶ
2463 2939 2500 2994 S
2548 2939 2706 2994 Cant.

415 3009 682 3074 ςτήθεςφι
709 3005 777 3059 L.
819 3035 880 3046 -
917 3013 1017 3062 492
1055 3009 1135 3062 ὡς
1170 3007 1236 3064 A.
1274 3010 1462 3063 πολλὰ
1506 3009 1693 3063 πάθον
1728 3005 1811 3060 LS
1848 3008 2006 3061 Cant.
2055 3023 2117 3060 ee
2149 3008 2231 3061 eri
2266 3009 2435 3061 πόλλ’
2470 3009 2703 3062 ἔπαθον.

417 3077 586 3129 πόλλ’
621 3075 867 3142 ἑμόγηςα
909 3075 1058 3134 libri,
1108 3105 1173 3114 —
1219 3082 1318 3129 493
1365 3077 1496 3130 θεὸς
1539 3077 1716 3141 γόνον
1764 3077 2068 3129 ἐξετέλειεν
2161 3120 2172 3131 .
2220 3077 2575 3131 ἐξετέλεςςαν
2612 3073 2706 3129 GL

415 3143 554 3197 Mor.
589 3173 655 3182 —
689 3150 792 3197 494
826 3146 970 3197 ἀλλὰ
1006 3146 1065 3199 ςὲ
1100 3142 1324 3198 ACDE:
1372 3144 1515 3197 ἀλλά
1560 3160 1617 3197 ςε
1656 3141 1820 3197 GHL.
1867 3144 2060 3210 άχῖλεῠ
2145 3142 2210 3197 Η.
2250 3173 2311 3181 -
2349 3149 2450 3198 496
2482 3143 2579 3197 ἵνά
2616 3161 2706 3205 μοι

417 3209 477 3264 L.
516 3212 747 3277 ἀμύνοι(
787 3211 830 3264 Ε
868 3217 983 3276 767,
1022 3218 1112 3278 3ος
1150 3210 1248 3265 sed
1285 3217 1401 3276 765,
1438 3217 1505 3264 42
1541 3212 1776 3278 ἀμύνης.
1813 3240 1878 3249 --
1915 3217 2014 3266 496
2050 3212 2274 3278 ἀχιλλεῦ
2299 3209 2363 3265 G.
2399 3212 2531 3266 οὐδὲ
2568 3228 2620 3264 τι
2646 3226 2703 3265 (ε

415 3282 525 3356 χρὴ
569 3277 877 3333 CDEGHL.
925 3310 985 3318 —
1033 3285 1132 3334 497
1175 3281 1411 3346 τρεπτοὶ
1455 3278 1500 3331 L
1543 3278 1726 3333 Cram.
1771 3280 1875 3332 An.
1922 3278 2048 3332 Par.
2096 3278 2201 3342 111,
2241 3284 2368 3344 386,
2406 3284 2454 3336 7.
2508 3308 2565 3318 —-
2604 3284 2705 3332 498

417 3346 630 3400 onnttit
663 3345 827 3400 Plato
862 3346 1003 3415 Rep.
1039 3346 1110 3414 11,
1146 3353 1248 3401 364
1283 3345 1350 3400 D.
1401 3377 1458 3385 —
1507 3353 1609 3401 499
1646 3349 1736 3401 καί
1771 3349 1905 3400 τοὺς
1943 3347 2046 3412 μὲν
2083 3348 2310 3402 θυςίαιςι
2356 3346 2519 3401 Plato
2559 3346 2702 3416 Rep.

415 3413 488 3480 ΙΙ,
524 3420 624 3468 364
659 3412 725 3466 D.
762 3416 1093 3480 εῦχωλαῑςιν
1128 3415 1380 3481 ἀγαναῑςι
1405 3413 1474 3469 G.
1513 3415 1811 3483 εὐχωλῆις’
1832 3409 1902 3467 ‘A.
1938 3417 2171 3482 ἀγανῇςι
2204 3413 2467 3473 ACDEH.
2502 3445 2569 3455 —-
2606 3423 2706 3469 500

417 3482 602 3550 κνίςςῃ
641 3481 895 3537 CEGHL.
942 3484 1005 3537 ἐν
1049 3483 1205 3550 ἄλλῳ
1255 3483 1445 3551 λοίβης
1488 3498 1551 3536 τε
1599 3484 1786 3550 κνίςης
1829 3499 1893 3537 τε
1929 3483 1994 3535 A.
2040 3488 2499 3551 παρατρωπῶςιν
2535 3482 2601 3542 G.
2640 3513 2702 3522 ·-

416 3582 508 3626 6οι
550 3575 806 3643 ὑπερβήῃ
845 3573 1062 3629 ADEG.
1111 3577 1385 3644 ὑπερβὴιη
1424 3575 1481 3629 C.
1528 3577 1770 3643 ϋπερβΐη
1807 3574 1875 3628 Η.
1921 3575 2190 3642 ῦπερβείη
2237 3579 2326 3628 καὶ
2373 3576 2610 3642 ἁμάρτοι
2644 3574 2705 3628 L.

417 3671 483 3679 —
518 3647 617 3696 502
651 3659 739 3696 τοι
777 3643 925 3697 λιταί
960 3642 1022 3698 L.
1067 3659 1130 3697 τε
1178 3642 1357 3696 omitt.
1394 3642 1460 3697 G.
1508 3645 1655 3696 λιταὶ
1701 3644 1801 3697 eici
1840 3648 2032 3709 κοῦραι
2079 3645 2195 3696 διὸς
2232 3644 2496 3709 μεγάλοιο
2534 3642 2600 3694 H.
2639 3673 2704 3680 —

417 3715 516 3762 503
551 3711 738 3776 ρυςςαί
776 3709 1021 3771 CEHLS.
1071 3713 1348 3776 ὀφθαλμὼ
1386 3711 1489 3764 CL.
1537 3712 1817 3779 ὀφθαλμῷ
1854 3709 1961 3763 HS.
2011 3712 2341 3776 ὀφθαλμοὺς
2379 3708 2441 3765 G.
2492 3712 2703 3776 ὀφθαλ-

419 3783 543 3842 μῶν
578 3776 677 3829 AD
703 3777 917 3832 Townl.
945 3777 1099 3832 Vrat.
1123 3780 1161 3831 b
1205 3778 1334 3832 libri
1359 3778 1527 3848 longe
1551 3778 2036 3847 praestantissimi,
2067 3794 2196 3831 cum
2221 3776 2307 3832 Et.
2335 3776 2450 3846 Mg.
2476 3783 2594 3842 641,
2620 3783 2704 3829 42.

418 3846 734 3912 ὀφθαλμῶν
767 3849 804 3911 ἢ
842 3848 1125 3913 ὀφθαλμὼ
1162 3819 1315 3899 huet.
1356 3851 1473 3911 768,
1511 3854 1543 3900 5
1582 3848 1641 3899 et
1670 3853 1745 3900 17.
1782 3847 1852 3899 τὸ
1888 3848 1950 3900 δὲ
1987 3849 2366 3913 παραβλῶπες
2404 3847 2704 3912 ὀφθαλμώ,

417 3915 595 4034 Qui!
630 3914 1003 4037 ὀᾶρθαέμούΙςὲ
1025 3916 1316 3983 τέτριπται
1354 3916 1458 3981 μὲν
1494 3915 1677 3969 πλέον
1712 3918 1816 3970 τοῦ
1855 3914 2169 3981 ὀφθαλμῶν
2203 3913 2357 3971 Eunt.
2386 3919 2502 3978 768,
2529 3919 2610 3966 46.
2638 3943 2702 3952 -

551 3996 654 4046 μετ
695 3998 784 4035 πις
823 3998 887 4036 εν
1007 4023 1020 4036 .

550 4151 616 4204 A.
652 4169 698 4205 0.
758 4157 859 4206 488
901 4153 1089 4207 οὕτως
1132 4154 1221 4206 διὰ
1266 4158 1369 4207 τοῦ
1407 4158 1454 4207 ἐ’
1490 4152 1770 4217 γούνεςςι,
1818 4151 1931 4217 ἔχει
1967 4151 2160 4215 μέντοι
2204 4151 2379 4215 λόγον
2415 4153 2504 4204 καί
2542 4151 2576 4214 ἠ
2614 4151 2704 4204 διὰ

416 4224 519 4274 τοῦ
556 4220 712 4286 ἄλφα
749 4218 1090 4288 Didymus,
1130 4250 1185 4259 —
1226 4227 1326 4275 492
1361 4221 1689 4289 ἀρίςταρχος
1727 4219 1913 4273 πολλὰ
1937 4218 2123 4272 πάθον
2149 4219 2240 4271 καὶ
2268 4219 2454 4272 πολλὰ
2488 4219 2704 4286 μόγηςα

415 4284 764 4354 Didymus.
799 4317 862 4326 —-
899 4295 999 4342 494
1034 4289 1179 4344 ἀλλὰ
1202 4291 1258 4345 ςὲ
1282 4287 1654 4343 Herodianus.
1690 4317 1753 4325 —
1792 4293 1892 4342 603
1929 4288 2309 4355 παραβλῶπες
2333 4284 2701 4353 Ηοτοάίαιιιιε,

417 4357 991 4425 προπεριςπωμένως.
