3144 5006
516 378 643 443 272
1444 381 1777 437 ιΛιΑΔος
1829 383 1863 435 ι.

685 533 963 612 Ἀτρείδη
1009 534 1287 618 κύδιςτε,
1333 534 1491 603 ἄναξ
1535 534 1793 615 ἀνδρῶν
1840 534 2257 619 Ἀγάμεμνον,
2700 615 2706 619 ,

684 636 891 701 κεῖνός
937 638 996 712 γ’
1042 636 1160 702 οὐκ
1206 637 1406 702 ἐθέλει
1452 637 1690 716 ςβέςςαι
1735 637 1973 719 χόλον,
2018 635 2160 702 ἀλλ’
2203 636 2295 701 ἔτι
2341 641 2589 719 μᾶλλον

685 738 1110 816 πιμπλάνεται
1153 740 1413 821 μένεος,
1458 741 1525 803 ςὲ
1571 738 1629 804 δ’
1673 737 1998 812 ἀναίνεται
2039 739 2154 818 ἠδὲ
2201 740 2275 804 ςὰ
2319 741 2516 819 δῶρα.

516 844 640 902 680
683 839 882 906 αὐτόν
929 860 996 905 ςε
1041 840 1384 919 φράζεςθαι
1429 839 1500 904 ἑν
1547 840 1915 919 Ἀργείοιςιν
1960 838 2240 924 ἄνωγεν,

684 940 915 1008 ὅππως
959 962 1068 1007 κεν
1112 941 1271 1019 νῆάς
1314 961 1385 1005 τε
1429 940 1597 1025 ςόῳς
1641 942 1745 1006 καὶ
1790 942 1952 1008 λαὸν
1998 943 2293 1024 Ἀχαιῶν.

684 1044 877 1110 αὐτὸς
922 1044 978 1107 δ’
1020 1042 1358 1123 ἠπείληςεν
1404 1041 1509 1123 ἅμ’
1550 1043 1662 1122 ἠοῖ
1706 1044 2147 1126 φαινομένηφι
2224 1114 2231 1118 ,

680 1148 840 1223 νῆας
884 1144 1266 1223 ἐυςςέλμους
1308 1144 1434 1208 ἅλα
1478 1144 1536 1209 δ’
1580 1145 1841 1225 ἑλκέμεν
1885 1145 2307 1228 ἀμφιελίςςας.

679 1247 778 1311 καὶ
822 1246 881 1311 δ’
924 1246 1004 1311 ἂν
1047 1248 1183 1311 τοῖς
1225 1245 1513 1312 ἀλλοιςιν
1559 1245 1689 1327 ἔφη
1734 1250 2293 1327 παραμυθήςαςθαι

514 1354 633 1413 685
681 1348 887 1414 οἴκαδ’
933 1346 1341 1430 ἀποπλείειν,
1386 1348 1524 1412 ἐπεὶ
1569 1347 1781 1412 οὐκέτι
1826 1350 2012 1429 δήετε
2055 1350 2306 1431 τέκμωρ

680 1451 864 1514 Ἰλίου
909 1449 1222 1529 αἰπεινῆς·
1267 1450 1437 1529 μάλα
1478 1449 1603 1529 γάρ
1648 1448 1792 1516 ἑθεν
1837 1449 2128 1531 εὐρύοπα
2170 1450 2337 1518 Ζεὺς

679 1555 863 1632 χεῖρα
907 1551 1018 1631 ἑὴν
1063 1551 1402 1634 ὑπερέςχε,
1448 1552 1855 1631 τεθαρςήκαςι
1900 1555 1971 1618 δὲ
2015 1553 2177 1618 λαοί.

680 1654 770 1719 ὣς
814 1652 1029 1735 ἔφατ’·
1078 1652 1188 1718 εἰςὶ
1230 1652 1331 1718 καὶ
1376 1651 1512 1719 οἷδε
1556 1654 1694 1719 τάδ’
1738 1654 2014 1738 εἰπέμεν,
2060 1654 2126 1719 οἵ
2169 1675 2277 1736 μοι
2319 1655 2583 1739 ἕποντο,

678 1754 832 1820 Αἴας
876 1756 980 1820 καὶ
1022 1756 1252 1835 κήρυκε
1299 1756 1467 1839 δύω,
1512 1756 1903 1836 πεπνυμένω
1948 1754 2164 1838 ἄμφω.

512 1864 635 1920 690
680 1857 904 1922 Φοῖνιξ
949 1858 1005 1921 δ’
1049 1856 1191 1922 αὖθ’
1235 1856 1273 1921 ὁ
1317 1857 1527 1937 γέρων
1572 1858 1980 1924 κατελέξατο·
2027 1859 2116 1924 ὣς
2158 1858 2282 1937 γὰρ
2327 1857 2586 1943 ἀνώγει,

681 1957 861 2040 ὄφρά
906 1957 968 2023 οἱ
1012 1958 1083 2024 ἐν
1127 1958 1332 2037 νήεςςι
1377 1958 1572 2040 φίλην
1617 1959 1685 2025 ἐς
1728 1960 1974 2040 πατρίδ’
2018 1960 2243 2040 ἕπηται

681 2061 929 2144 αὔριον,
973 2061 1053 2138 ἢν
1098 2059 1414 2143 ἑθέλῃςιν·
1460 2060 1704 2145 ἀνάγκῃ
1749 2062 1806 2124 δ’
1850 2061 1930 2127 οὔ
1975 2063 2033 2126 τί
2076 2081 2179 2141 μιν
2224 2060 2374 2127 ἄξει.

850 2162 940 2227 ὣς
984 2161 1191 2243 ἔφαθ’,
1238 2162 1302 2226 οἳ
1348 2162 1404 2225 δ’
1446 2160 1574 2240 ἄρα
1617 2163 1856 2229 πάντες
1898 2162 2059 2242 ἀκὴν
2104 2163 2411 2242 ἐγένοντο
2457 2171 2658 2250 ςιωπῇ

680 2269 881 2344 μῦθον
929 2262 1383 2341 ἀγαςςάμενοι·
1432 2264 1601 2343 μάλα
1643 2263 1765 2343 γὰρ
1812 2269 2130 2344 κρατερῶς
2174 2264 2497 2344 ἀγόρευςε.

512 2372 635 2430 695
681 2368 799 2445 δὴν
844 2365 900 2428 δ’
943 2364 1120 2449 ἄνεω
1164 2365 1322 2444 ἧςαν
1368 2365 1685 2446 τετιηότες
1730 2364 1860 2431 υἷες
1905 2366 2207 2446 Ἀχαιῶν·

679 2467 809 2548 ὀψὲ
854 2468 926 2532 δὲ
969 2469 1048 2547 δὴ
1093 2468 1377 2546 μετέειπε
1423 2470 1583 2549 βοὴν
1628 2467 1869 2547 ἀγαθὸς
1913 2469 2272 2549 Διομήδης·

848 2569 1126 2649 Ἀτρείδη
1171 2571 1446 2653 κύδιςτε,
1491 2569 1650 2638 ἄναξ
1696 2570 1954 2649 ἀνδρῶν
2002 2571 2417 2653 Ἀγάμεμνον,

647 2875 711 2932 V.
749 2896 799 2930 ι..
861 2880 962 2930 678
998 2877 1065 2930 οὐ
1102 2876 1249 2929 θέλει
1274 2872 1338 2928 G.
1375 2874 1553 2940 ςβέςαι
1580 2872 1838 2928 CDEGH.
1888 2905 1936 2912 -—
1978 2878 2080 2928 680
2114 2875 2296 2928 αὐτόν
2321 2891 2379 2930 ςε
2404 2872 2583 2930 CDLS
2609 2878 2654 2929 A
2698 2874 2791 2930 011.

507 2946 577 2999 de
623 2944 803 3013 synt..
829 2948 942 3010 138,
989 2949 1047 2998 8ι
1083 2944 1264 2997 αὐτὸν
1311 2944 1365 2998 ςὲ
1410 2939 1584 2996 AGH.
1639 2973 1702 2982 —
1756 2947 1849 2997 681
1898 2943 2068 3009 ςόῳςε
2116 2943 2249 3010 ςόῃς
2292 2942 2395 2996 ΑΗ
2441 2942 2597 3001 Cant.
2689 2944 2791 3012 ips,

506 3012 721 3069 Townl.
766 3011 925 3065 Vrat.
972 3027 1021 3068 a.
1065 3010 1121 3064 b.
1170 3012 1236 3065 A.
1282 3013 1414 3079 ςόης
1459 3008 1604 3064 OLS.
1650 3012 1839 3078 ςώιηις
1884 3009 1933 3063 D
1984 3017 2029 3063 1.
2073 3026 2221 3063 man.
2268 3010 2522 3079 ςώηις-Ι)
2560 3019 2607 3065 2.
2643 3028 2791 3065 man.

507 3082 656 3137 ςόοις
691 3080 847 3133 Vrat.
885 3096 929 3135 c.
968 3078 1135 3132 Mose.
1177 3086 1225 3132 3.
1265 3081 1442 3146 ςώςῃς
1469 3076 1517 3131 G
1553 3077 1694 3132 Mor.
1718 3076 1943 3132 Barooo.
1982 3107 2048 3116 —
2084 3083 2184 3133 682
2221 3080 2605 3147 φαινομένηφι
2628 3077 2791 3133 ADL.

506 3149 891 3270 &⁰⁹2⁰ss
917 3144 1702 3281 iffiflssa'bfiffinffffwssgg
1727 3144 2010 3280 523¹}ss
2028 3144 2791 3268 ἑέξέϊὸἜιη-..θέὂοῖἓῗέ

508 3285 608 3339 είςὶ
644 3283 870 3338 δὲνοῖδε
961 3282 971 3292 “
1017 3298 1059 3335 ε.
1103 3312 1169 3321 --
1214 3287 1314 3337 689
1349 3283 1408 3335 κ’
1461 3297 1590 3336 υκες
1633 3279 1702 3334 Η.
1748 3310 1815 3320 -
1860 3286 1959 3335 690
1999 3280 2185 3348 φοίνιξ
2223 3279 2287 3337 D.
2338 3283 2685 3349 παρελέξατο
2723 3282 2788 3335 G.

508 3353 587 3407 ὡς
624 3354 689 3405 A.
726 3380 792 3389 —
829 3355 922 3404 691
964 3299 1119 3418 ἔφρά
1152 3349 1206 3404 οἱ
1241 3348 1385 3403 ΑΟΙ)
1443 3348 1500 3402 L.
1546 3350 1702 3416 ὄφρα
1735 3349 1795 3404 ot
1829 3347 1893 3402 G.
1939 3378 1997 3387 —
2049 3354 2149 3403 692
2184 3350 2309 3403 οὔτι
2346 3352 2456 3416 μὴν
2490 3346 2558 3401 D.
2594 3351 2688 3414 μὶν
2723 3348 2790 3402 G.

507 3452 568 3460 —
607 3426 706 3474 693
743 3419 822 3471 ὡς
858 3419 922 3474 A.
970 3417 1024 3472 οἳ
1066 3420 1117 3473 δ’
1151 3416 1214 3471 L.
1250 3417 1359 3472 οἵδ’
1393 3416 1504 3471 OG.
1549 3446 1618 3457 --
1662 3422 1763 3471 694
1806 3418 1912 3483 ἀγό
1950 3432 2075 3472 ευςε
2121 3415 2240 3472 ΑΗ.
2285 3417 2587 3484 ἀγόρευςεν
2632 3415 2787 3470 DEL.

506 3489 742 3556 ἀγόρευε
779 3485 821 3541 C
857 3484 1011 3539 Harl.
1050 3485 1206 3539 Vrat.
1246 3487 1310 3542 A.
1346 3485 1583 3540 ἀπέειπε
1620 3483 1668 3538 G
1705 3484 1863 3543 Cant.
1946 3500 2124 3538 arocc.
2162 3483 2300 3537 Mor.
2338 3485 2612 3539 ἀπόειπεν
2642 3483 2696 3537 S.
2724 3515 2787 3525 —

506 3563 606 3611 695
640 3557 792 3623 ἄνεῳ
830 3552 1061 3608 AEGLS
1097 3551 1184 3612 Et.
1220 3552 1335 3622 Mg.
1372 3558 1488 3620 266,
1526 3559 1575 3607 9.

597 3724 906 3731 -.----.-.-,-.

642 3831 709 3882 A.
756 3845 801 3880 ο.
867 3831 967 3881 680
1012 3826 1190 3879 αὐτόν
1236 3840 1293 3879 ςε
1339 3823 1692 3878 Herodianus
1737 3840 1866 3877 cum
1909 3820 2234 3891 Apollonio:
2281 3822 2462 3875 αὐτὸν
2508 3823 2565 3877 ςὲ
2600 3819 2786 3876 Ptole-

504 3913 698 3951 maeus
742 3892 1076 3949 Ascalonita.
1123 3928 1189 3938 -
1235 3897 1331 3946 681
1373 3892 1727 3959 Ἀρίςταρχος
1763 3897 1908 3958 ςοῷς
1945 3894 2033 3945 καὶ
2069 3895 2217 3958 ςαῷς
2251 3887 2606 3957 Didymus,
2643 3890 2786 3944 conf.

504 3963 711 4020 Herod.
749 3961 823 4017 ad
861 3966 874 4017 Ι
911 3968 1030 4018 393.
1065 3990 1132 4000 -·
1166 3964 1435 4015 oss-692
1469 3959 1807 4013 ἀθετοῦνται
1842 3957 2292 4011 Aristonicus.
2364 3959 2605 4012 τούτους
2650 3960 2786 4013 τοὺς

506 4034 723 4101 ςτίχους
762 4030 1167 4097 Ἀριςτοφάνης
1202 4029 1416 4095 ἠθέτει,
1450 4027 1774 4095 Ζηνόδοτος
1809 4028 1916 4080 τὸν
1950 4027 2147 4093 αὔριον
2183 4027 2304 4092 (692
2365 4027 2543 4090 μόνον
2576 4023 2788 4094 Didy-

504 4118 665 4154 mus.
702 4130 768 4138 —
803 4104 906 4154 694
938 4098 1264 4165 Ζηνόδοτος
1300 4097 1402 4162 μὲν
1436 4096 1504 4148 οὐ
1541 4096 1772 4162 γράφει,
1811 4094 2068 4161 Ἀρίςταρ
2104 4109 2168 4147 ος
2202 4094 2264 4147 δὲ
2335 4096 2487 4148 θετεῖ
2511 4092 2693 4147 Schol.
2718 4093 2785 4149 A.

503 4168 826 4236 Ζηνόδοτος
861 4167 924 4220 δὲ
957 4167 1063 4219 τὸν
1108 4165 1295 4231 ςτίχον
1339 4164 1445 4218 οὐκ
1488 4165 1761 4230 ἔγραφεν,
1810 4163 2075 4229 Ἀριςτοφ
2115 4177 2218 4229 νης
2259 4162 2319 4215 δὲ
2354 4163 2544 4230 ἠθέτει
2578 4159 2788 4229 Didy-

504 4252 659 4288 mae.
695 4234 1087 4300 ἀγαςςάμενοιε
1125 4233 1401 4300 γράφεται
1437 4233 1529 4286 καὶ
1564 4231 1967 4308 φραςςάμενοι,
2006 4228 2151 4283 conf.
2187 4227 2369 4288 Schol.
2396 4230 2442 4284 Θ
2467 4235 2551 4286 29.
2587 4260 2653 4270 -
2688 4234 2788 4284 698

507 4321 608 4385 μὴτ
645 4319 734 4371 διὰ
777 4322 880 4371 τοῦ
910 4306 960 4370 ’δ’
986 4319 1169 4371 οὕτως
1206 4317 1534 4385 ἀρίςταρχος
1571 4317 1700 4386 μηδ’
1735 4317 1943 4384 ὄφελες
1982 4313 2321 4381 Didymus.
