3144 5006
1211 411 1545 466 ΙΛΙΑΔΟΕ
1598 410 1746 465 xlv.
1783 411 1905 464 XV.
2625 411 2709 475 65

588 561 920 642 πάπτηνεν
965 564 1036 640 δὲ
1080 552 1371 643 ἕκαςτος,
1419 566 1549 650 ὅπη
1595 567 1796 648 φύγοι
1841 565 2033 632 αἰπὺν
2080 564 2373 643 ὄλεθρον.

761 664 1142 750 ἔςπετε,νῦν
1188 688 1294 748 μοι
1340 670 1565 748 μοῦςαι
1610 668 1926 748 Ὀλύμπια
1969 668 2207 749 δώματ’
2249 666 2542 745 ἕχουςαι,

585 766 660 832 ὅς
703 787 796 831 τις
842 770 919 847 δὴ
965 774 1222 846 πρῶτος
1270 770 1595 850 βροτόεντ’
1639 770 1971 850 ἀνδράγρι’
2015 771 2287 850 Ἀχαιῶν

416 874 543 933 510
583 870 780 950 ἤρατ’,
829 869 965 935 ἐπεί
1010 870 1066 950 ῥ’
1111 870 1317 937 ἔκλινε
1361 873 1567 952 μάχην
1612 873 1840 937 κλυτὸς
1885 873 2299 948 ἐννοςίγαιος.

582 971 735 1036 Αἴας
783 971 863 1050 ῥα
907 976 1165 1051 πρῶτος
1211 974 1619 1054 Τελαμώνιος
1662 975 1928 1053 Ὕρτιον
1976 972 2135 1038 οὖτα

587 1075 970 1154 Γυρτιάδην,
1018 1076 1257 1140 Μυςῶν
1302 1075 1590 1155 ἡγήτορα
1633 1075 2154 1156 καρτεροθύμων·

583 1176 843 1257 Φάλκην
887 1178 943 1241 δ’
987 1177 1352 1257 Ἀντίλοχος
1398 1180 1500 1243 καὶ
1546 1178 1887 1258 Μέρμερον
1934 1176 2281 1255 ἐξενάριξε·

584 1279 911 1359 Μηριόνης
955 1280 1027 1344 δὲ
1074 1281 1301 1360 Μόρυν
1346 1301 1414 1344 τε
1460 1280 1564 1345 καὶ
1606 1279 1990 1346 Ἱπποτίωνα
2034 1279 2332 1356 κατέκτα,

413 1385 535 1444 515
580 1382 857 1461 Τεῦκρος
902 1383 974 1446 δὲ
1015 1382 1386 1462 Προθόωνά
1429 1383 1483 1447 τ’
1526 1382 1799 1460 ἐνήρατο
1845 1382 1948 1447 καὶ
1987 1380 2395 1462 Περιφήτην·

580 1483 896 1562 Ἀτρείδης
940 1484 997 1548 δ’
1041 1483 1141 1562 ἄρ’
1185 1483 1386 1549 ἔπειθ’
1428 1483 1867 1563 Ὑπερήνορα,
1913 1484 2188 1563 ποιμένα
2232 1484 2444 1564 λαῶν,

583 1584 745 1649 οὖτα
788 1587 945 1651 κατὰ
990 1586 1318 1665 λαπάρην,
1366 1587 1470 1652 διὰ
1515 1587 1570 1650 δ’
1617 1586 1845 1666 ἔντερα
1888 1579 2134 1665 xum&
2170 1581 2413 1663 ἄφυςςε

467 1679 470 1686 '
580 1688 857 1772 δῃώςας·
906 1688 1080 1767 ψυχὴ
1127 1691 1198 1753 δὲ
1242 1689 1374 1752 κατ’
1420 1686 1781 1768 οὐταμένην
1829 1687 2098 1765 ὠτειλὴν

583 1789 782 1854 ἔςςυτ’
827 1789 1239 1872 ἐπειγομένη,
1284 1790 1401 1855 τὸν
1445 1790 1516 1854 δὲ
1561 1790 1784 1855 ςκότος
1828 1787 1972 1853 ὄςςε
2017 1788 2284 1866 κάλυψε.

411 1895 535 1956 520
577 1893 912 1957 πλείςτους
957 1892 1014 1957 δ’
1058 1891 1209 1958 Αἴας
1252 1891 1448 1968 εἷλεν,
1498 1893 1753 1971 Ὀιλῆος
1797 1891 1992 1969 ταχὺς
2037 1888 2205 1962 υἱός·

579 1994 658 2058 οὐ
704 1994 827 2073 γάρ
873 1993 939 2058 οἵ
983 2015 1073 2059 τις
1117 1993 1345 2074 ὁμοῖος
1390 1994 1755 2058 ἑπιςπέςθαι
1798 1991 1985 2057 ποςὶν
2029 1991 2145 2071 ἦεν

577 2092 835 2174 ἀνδρῶν
878 2096 1314 2177 τρεςςάντων,
1359 2095 1469 2161 ὅτε
1513 2112 1591 2159 τε
1627 2094 1793 2159 Ζεὺς
1840 2093 1908 2157 ἐν
1954 2092 2169 2172 φόβον
2215 2089 2392 2176 ὄρςῃ.
2494 2115 2514 2134 ·

1248 2471 1709 2552 ΙΛΙΑΔΟ(
1780 2469 1877 2547 0.

572 2639 783 2720 Αὐτὰρ
828 2639 969 2705 ἐπεὶ
1012 2642 1116 2707 διά
1160 2662 1228 2707 τε
1279 2632 1600 2706 ςκόλοπας
1644 2640 1744 2705 καὶ
1786 2638 2060 2718 τάφρον,
2087 2634 2317 2717 ἔβηςαν

572 2741 962 2826 φεύγοντες,
1009 2744 1245 2808 πολλοὶ
1288 2745 1360 2808 δὲ
1404 2743 1604 2823 δάμεν
1649 2742 1940 2806 Δαναῶν
1986 2737 2114 2802 ὑπὸ
2161 2739 2403 2819 χερςίν,

574 2842 639 2905 οἳ
682 2844 796 2923 μὲν
842 2846 918 2924 δὴ
962 2846 1114 2924 παρ’
1159 2844 1427 2925 ὄχεςφιν
1472 2845 1827 2924 ἐρητύοντο
1872 2840 2214 2922 μένοντες,

537 3008 605 3065 V.
646 3030 698 3066 ι..
766 3017 866 3067 507
903 3013 1167 3081 πάπτηνε
1202 3012 1255 3066 H
1291 3013 1435 3067 Flor.
1475 3014 1794 3081 πάπτηινεν
1831 3010 1891 3067 C.
1928 3011 2041 3075 ὅπῃ
2081 3010 2126 3058 Α
2163 3005 2346 3061 Schol.
2387 3012 2432 3064 Ο
2472 3016 2521 3068 1.
2560 3014 2691 3065 ὅποι

397 3075 494 3131 EG
548 3077 722 3132 ceteri
774 3082 889 3147 ὅπη
952 3098 1080 3134 cum
1145 3081 1326 3136 Cram.
1390 3083 1494 3136 An.
1561 3082 1664 3140 Ox.
1716 3080 1797 3145 11,
1860 3084 1988 3143 337,
2036 3080 2120 3130 2⁸2.
2187 3077 2353 3143 φύτει
2399 3077 2466 3133 D.
2531 3080 2686 3149 φύγῃ

402 3145 565 3217 Cant.
597 3143 750 3215 Lips.
799 3178 865 3188 -
911 3155 1010 3204 508
1047 3151 1244 3204 ἔςπετε
1281 3149 1350 3206 Η.
1398 3179 1467 3190 -
1511 3156 1610 3205 509
1646 3148 1928 3252 ἀνὶἒάκγρΰ
1962 3148 2026 3199 A.
2065 3171 2133 3180 —
2177 3150 2276 3198 510
2310 3147 2495 3214 ήιρατ·
2529 3146 2690 3202 ACD.

399 3284 572 3348 ἤρετο
610 3286 645 3350 ἢ
681 3286 861 3351 ἤρατο
887 3284 945 3342 Ε.
986 3285 1106 3340 ἐπεί
1130 3287 1207 3352 ῥ’;
1246 3285 1369 3340 ἐπεί
1404 3300 1513 3353 περ
1536 3284 1678 3339 Mor.
1717 3285 1898 3353 μάχης
1924 3282 1981 3337 S.
2021 3238 2239 3336 κλὲιτός
2265 3280 2323 3335 C.
2348 3312 2414 3322 —
2439 3288 2535 3337 511
2563 3284 2687 3338 αἴας

400 3368 501 3430 μὲν
540 3366 599 3420 C.
636 3369 707 3436 ῥὰ
744 3367 856 3423 GL.
892 3369 1034 3424 οὔτα
1070 3368 1217 3439 Lips.
1254 3369 1403 3423 Flor.
1439 3401 1504 3408 —
1542 3376 1641 3424 512
1679 3369 2101 3437 καρτερόθυμον
2138 3364 2192 3419 S.
2227 3396 2291 3405 —
2330 3372 2429 3422 513
2465 3368 2687 3434 φάλκυν

399 3434 557 3488 Vrat.
598 3436 661 3489 A.
697 3437 924 3505 φάλτην
959 3436 1186 3491 Baroec.
1226 3436 1366 3491 Mor.
1403 3438 1545 3491 conf.
1587 3438 1629 3491 Ν
1671 3443 1784 3495 791.
1822 3436 2098 3503 ἐξενάριξε
2135 3431 2246 3488 ΑΟ.
2287 3464 2350 3474 -
2398 3442 2497 3490 515
2533 3437 2686 3503 evin-

399 3519 538 3571 ρατο
572 3502 736 3557 ACD.
773 3506 1127 3573 περιφήτηνε
1164 3507 1551 3573 πολυφήτηνῖ
1601 3506 1668 3559 of.
1708 3506 1749 3559 Ν
1790 3511 1903 3560 791.
1950 3539 2016 3548 --
2061 3507 2161 3556 516
2198 3502 2233 3555 ἂ
2312 3501 2582 3558 ADGHL.
2623 3535 2685 3544 --

400 3576 496 3624 517
534 3571 673 3624 οὖτα
711 3575 853 3627 κατὰ
889 3574 1150 3641 λαπάρην
1185 3572 1305 3630 DG.
1355 3576 1557 3628 οὔταςε
1604 3573 1973 3640 καλλαπάρην
2017 3568 2211 3623 AOEH
2259 3568 2296 3622 S
2341 3571 2489 3639 LipS.
2524 3571 2684 3625 Rom.

397 3655 483 3705 γρ.
518 3639 660 3692 οὖτα
696 3643 840 3695 κατὰ
877 3642 1138 3709 λαπάρην
1181 3642 1248 3700 Α,
1295 3641 1439 3695 conf.
1478 3648 1596 3696 447.
1632 3643 1838 3697 οὔταςε
1884 3639 2067 3696 Schol.
2107 3640 2145 3692 Ρ
2182 3643 2265 3694 24.
2311 3640 2398 3693 δια
2436 3638 2549 3693 CH.
2598 3642 2685 3693 διὰ

395 3708 451 3758 τ’
485 3707 655 3760 ἔντεα
689 3706 828 3761 Mor.
868 3711 1077 3775 ἄφυςςε
1112 3708 1373 3763 ACGHL.
1421 3740 1486 3749 -
1531 3714 1632 3763 518
1666 3710 1909 3778 δηῑώςας
1944 3708 2012 3761 Η.
2060 3736 2125 3746 -
2171 3710 2269 3758 519
2307 3708 2430 3762 ὄςςε
2468 3709 2684 3774 κάλυψε

396 3771 545 3827 DHL
592 3773 753 3829 Cant.
803 3775 1017 3830 Townl.
1061 3776 1219 3830 Vrat.
1269 3776 1323 3833 d.
1367 3779 1480 3832 bcc'
1520 3779 1766 3845 ἐκάλυψε
1811 3776 1973 3832 ACG.
2017 3805 2086 3815 —-
2132 3777 2233 3826 520
2275 3774 2482 3842 ἄνδρας
2532 3774 2684 3830 εἷλεν

400 3842 633 3911 Ὀϊλῆος
669 3846 842 3911 ταχὺς
878 3845 1015 3899 Αἴας
1052 3844 1236 3899 Schol.
1278 3845 1317 3899 Κ
1356 3852 1469 3899 110.
1508 3875 1575 3886 -
1612 3850 1709 3899 521
1746 3846 1852 3914 γάρ
1888 3846 1942 3898 οἱ
1977 3850 2061 3898 τῖς
2085 3840 2156 3894 Η.
2195 3869 2260 3913 -ss-
2296 3848 2394 3896 522
2431 3845 2683 3909 ἔμφοβον

397 3976 455 4031 C.
494 3978 629 4067 6ch
666 3977 720 4059 L·
747 3977 906 4033 Caniz.
942 3982 1076 4048 ὅρςη
1115 3980 1168 4034 S.
1219 3983 1369 4051 ὠρςῃ
1409 3980 1458 4036 G
1498 3982 1652 4037 Vrat.
1702 3982 1755 4036 d.
1793 3980 1937 4034 Flor.
1986 3940 2145 4061 ὄρςξιι
2179 3978 2243 4033 A.
2290 3977 2470 4044 ῶρςεν
2518 3976 2681 4031 CDH.

396 4044 540 4112 ὧρςε
579 4045 624 4098 1⁴,
659 4045 806 4114 L1ps.
845 4046 1058 4103 Townl.
1096 4048 1257 4103 Rom.
2708 4096 2713 4101 ,

531 4182 596 4235 A.
635 4200 685 4239 c.
745 4188 845 4237 509
871 4184 1128 4240 ἀθετοῦςι
1165 4186 1253 4240 διὰ
1277 4186 1345 4239 τὸ
1372 4186 1534 4240 ξένον
1557 4191 1661 4255 τῆς
1686 4188 1893 4257 λέξεως
1931 4182 2279 4252 (ἀνδράγρια)
2305 4178 2492 4233 Schol.
2518 4178 2677 4233 ABL.

529 4348 601 4407 V.
639 4369 689 4403 1..
758 4356 788 4404 2
825 4355 934 4408 ὑπο
969 4356 1035 4409 Α.
1072 4385 1140 4395 -
1174 4362 1206 4409 3
1241 4354 1296 4409 οἳ
1331 4358 1433 4423 μὲν
1470 4354 1527 4410 C.
1564 4358 1913 4425 παρόχεςφιν
1950 4354 2017 4409 D.

495 4444 690 4484 Homeri
718 4445 847 4486 man.
894 4449 957 4489 11.
1610 4477 1641 4498 0
2240 4448 2271 4496 5
