3144 5006
506 371 634 436 340
1442 373 1779 429 ΙΛΙΑΔΟΕ
1838 376 1904 428 Ψ.

676 524 900 591 ἵππων
944 525 1282 608 ἁψάμενος
1325 529 1641 607 γαιήοχον
1685 528 2089 605 ἑννοςίγαιον

512 633 634 691 585
682 627 909 708 ὄμνυθι
952 630 1033 708 μὴ
1076 631 1192 708 μὲν
1238 627 1406 694 ἑκὼν
1448 631 1524 694 τό
1570 628 1728 707 ἐμὸν
1773 630 1952 713 δόλῳ
1997 627 2164 709 ἅρμα
2208 632 2503 707 πεδῆςαι.

853 731 970 795 τὸν
1015 730 1073 795 δ’
1116 729 1256 795 αὖτ’
1300 730 1670 810 Ἀντίλοχος
1714 731 2126 812 πεπνυμένος
2169 730 2395 796 ἀντίον
2442 729 2643 810 ηὔδα
2669 751 2687 765 ·

679 832 911 912 ἄνςχεο
956 835 1106 898 νῦν·
1154 834 1404 898 πολλὸν
1448 834 1574 912 γὰρ
1620 831 1751 910 ἐγώ
1796 853 1869 910 γε
1914 834 2233 913 νεώτερός
2276 830 2397 913 εἰμι

679 938 811 1000 ςεῖο
856 934 1016 1001 ἄναξ
1060 935 1385 1017 Μενέλαε,
1432 934 1506 1000 ςὺ
1550 936 1624 999 δὲ
1667 934 1984 1015 πρότερος
2027 937 2131 1001 καὶ
2174 933 2427 1014 ἀρείων.

678 1035 842 1102 οἷςθ’
884 1035 1015 1101 οἶαι
1058 1036 1214 1102 νέου
1259 1034 1501 1115 ἀνδρὸς
1545 1035 1916 1118 ὑπερβαςίαι
1957 1038 2312 1102 τελέθουςι·

511 1140 635 1201 590
677 1138 1141 1217 κραιπνότερος
1183 1139 1299 1216 μὲν
1343 1137 1466 1217 γάρ
1510 1159 1582 1203 τε
1625 1139 1817 1217 νόος,
1864 1140 2062 1218 λεπτὴ
2107 1138 2180 1203 δέ
2222 1157 2292 1202 τε
2334 1141 2536 1216 μῆτις.

681 1244 773 1304 τῶ
817 1260 917 1305 τοι
963 1239 1280 1317 ἐπιτλήτω
1324 1240 1580 1320 κραδίη·
1620 1240 1827 1306 ἵππον
1874 1240 1947 1305 δέ
1989 1262 2089 1306 τοι
2132 1238 2325 1307 αὐτὸς

681 1342 903 1423 δώςω,
947 1342 1065 1420 τὴν
1108 1339 1373 1422 ἀρόμην.
1412 1343 1419 1352 “
1464 1341 1519 1407 εἰ
1561 1341 1663 1407 καί
1706 1342 1786 1407 νύ
1832 1362 1940 1407 κεν
1987 1341 2244 1408 οἴκοθεν
2290 1340 2452 1406 ἄλλο

680 1446 896 1522 μεῖζον
941 1443 1369 1527 έπαιτήςειας,
1414 1443 1595 1525 ἄφαρ
1640 1444 1710 1509 κέ
1753 1466 1856 1510 τοι
1901 1443 2123 1510 αὐτίκα
2168 1448 2394 1509 δοῦναι

683 1543 1031 1626 βουλοίμην
1077 1545 1117 1624 ἢ
1165 1546 1260 1610 ςοί
1302 1565 1377 1621 γε
1422 1548 1762 1629 διοτρεφὲς
1804 1547 2012 1626 ἤματα
2055 1547 2267 1610 πάντα

511 1651 636 1709 595
683 1645 754 1710 ἐκ
797 1650 1002 1727 θυμοῦ
1047 1647 1298 1713 πεςέειν
1342 1650 1447 1713 καὶ
1489 1648 1778 1728 δαίμοςιν
1823 1646 1988 1714 εἶναι
2034 1648 2308 1728 ἀλιτρός.

854 1747 893 1826 ἦ
940 1748 1054 1832 ῥα,
1098 1751 1203 1815 καὶ
1240 1748 1447 1815 ἵππον
1492 1748 1674 1828 ἄγων
1719 1750 2087 1831 μεγαθύμου
2135 1749 2456 1828 Νέςτορος
2499 1749 2648 1815 υἱὸς

682 1848 753 1915 ἐν
798 1850 1063 1929 χείρεςςι
1104 1853 1261 1916 τίθει
1307 1851 1667 1916 Μενελάου.
1752 1855 1898 1918 τοῖο
1945 1854 2017 1917 δὲ
2060 1853 2258 1932 θυμὸς

685 1950 905 2036 ἰάνθη,
952 1951 1043 2017 ὡς
1086 1951 1145 2018 εἴ
1185 1973 1256 2018 τε
1300 1953 1446 2032 περὶ
1491 1953 1854 2033 ςταχύεςςιν
1899 1954 2080 2033 ἐέρςη

682 2053 872 2133 ληίου
915 2054 1383 2138 ἀλδήςκοντος,
1429 2053 1538 2120 ὅτε
1584 2055 1951 2135 φρίςςουςιν
1996 2055 2295 2136 ἄρουραι·

511 2162 636 2221 600
680 2156 770 2221 ὣς
814 2154 944 2235 ἄρα
987 2158 1087 2221 ςοὶ
1133 2148 1429 2223 Μενέλιῖε
1472 2157 1631 2237 μετὰ
1675 2158 1862 2238 φρεςὶ
1904 2159 2102 2239 θυμὸς
2147 2156 2347 2237 ἰάνθη.

678 2258 779 2323 καί
822 2280 927 2339 μιν
973 2261 1283 2339 φωνήςας
1326 2260 1487 2324 ἔπεα
1528 2260 1889 2338 πτερόεντα
1932 2260 2294 2338 προςηύδα·

847 2359 1203 2443 Ἀντίλοχε,
1248 2365 1367 2427 νῦν
1411 2361 1528 2440 μέν
1572 2381 1673 2426 τοι
1717 2360 1888 2437 ἐγὼν
1935 2360 2305 2439 ὑποείξομαι
2350 2359 2549 2425 αὐτὸς

674 2462 1043 2548 χωόμενος,
1089 2462 1228 2528 ἐπεὶ
1273 2461 1354 2528 οὔ
1397 2484 1457 2529 τι
1500 2463 1837 2544 παρήορος
1880 2460 2023 2529 οὐδ’
2065 2461 2392 2544 ἀεςίφρων

670 2562 828 2642 ἦςθα
871 2564 1109 2644 πάρος·
1153 2569 1274 2631 νῦν
1318 2564 1472 2630 αὖτε
1515 2566 1680 2631 νόον
1723 2565 1935 2644 νίκηςε
1976 2566 2179 2644 νεοίη.

503 2672 625 2731 605
673 2666 980 2745 δεύτερον
1027 2665 1165 2732 αὖτ’
1211 2667 1510 2732 ἀλέαςθαι
1556 2666 1900 2748 ἀμείνονας
1942 2665 2388 2746 ἠπεροπεύειν.

666 2767 746 2833 οὐ
791 2768 914 2848 γάρ
960 2769 1068 2834 κέν
1113 2789 1187 2848 με
1230 2768 1375 2849 τάχ’
1412 2768 1615 2835 ἄλλος
1660 2769 1822 2849 ἀνὴρ
1867 2769 2253 2848 παρέπειςεν
2298 2768 2570 2847 Ἀχαιῶν
2597 2790 2611 2803 ·

670 2870 838 2936 ἀλλὰ
884 2872 956 2936 ςὺ
1000 2872 1123 2952 γὰρ
1168 2873 1246 2951 δὴ
1293 2873 1509 2937 πολλὰ
1555 2871 1757 2937 πάθες
1802 2872 1902 2935 καὶ
1944 2871 2159 2936 πολλὰ
2201 2869 2482 2952 μόγηςας

844 3012 915 3019 ,-

635 3062 703 3125 V.
741 3085 790 3119 1..
816 3135 832 3154 ’
865 3070 968 3120 584
1000 3064 1200 3119 ἵππων
1225 3066 1276 3117 δ’
1311 3064 1470 3120 Vrat.
1498 3066 1562 3119 A.
1601 3095 1667 3105 --
1703 3070 1803 3120 585
1838 3067 1914 3186 ἰὴ
1952 3065 2082 3131 μὲνε
2119 3066 2294 3143 μηδέν
2318 3063 2649 3131 Pausanias,
2673 3064 2796 3128 VII,

497 3136 959 3255 &vg-3⁶2&
978 3134 1323 3267 Ἑρνὲῗεὲῗᾚ
1353 3132 1807 3268 ἒιλῗῆἓχέξῖἷ
1841 3134 2125 3268 νεώῖἓὲὲἑ
2148 3131 2798 3266 ᾝῖἷίῖεὲὃέιέἒῗ

497 3268 619 3323 οίου
709 3309 722 3322 .
758 3269 853 3324 οἶα
888 3268 932 3321 Ε
973 3275 1121 3334 1317,
1160 3275 1240 3322 23.
1280 3271 1567 3324 τελέθουςι
1604 3267 1925 3323 ACDEGH.
1960 3270 2280 3323 τελέθουςιν
2314 3266 2358 3320 L
2384 3266 2508 3335 Syr.
2546 3267 2702 3328 Flor.
2729 3297 2794 3307 -

496 3342 592 3390 591
631 3341 716 3390 τῶ
741 3335 1005 3390 ACDHL.
1044 3341 1129 3406 τῷ
1154 3335 1267 3390 EG.
1293 3372 1359 3382 —
1395 3344 1494 3391 692
1530 3338 1753 3405 ἀράμην
1778 3336 1848 3390 H.
1873 3367 1942 3376 —
1980 3342 2081 3391 593
2104 3337 2466 3404 ἀπαιτήςειας
2501 3338 2537 3403 ἢ
2577 3339 2793 3403 μᾶλλον

496 3405 848 3472 ἐπαιτήςειας
884 3403 947 3462 Ε.
984 3406 1141 3471 ἄφαρ
1178 3407 1271 3460 καί
1302 3422 1389 3460 τοι
1427 3404 1484 3464 C.
1522 3436 1592 3445 —
1626 3411 1725 3460 596
1798 3408 1833 3460 ὰ
1858 3402 2072 3461 CGHL.
2118 3435 2183 3444 —
2218 3410 2317 3458 598
2354 3404 2434 3458 ὡς
2470 3405 2522 3458 εῐ
2555 3421 2621 3459 τε
2645 3403 2793 3459 ACH

500 3472 689 3526 Rom:
724 3471 900 3526 ceteri
937 3472 1153 3530 ώςείτε.
1189 3490 1317 3540 περι
1352 3472 1474 3531 AH.
1511 3475 1567 3529 ἑέ
1607 3491 1671 3542 ςη
1710 3473 1750 3528 C
1835 3473 2024 3531 Schol.
2061 3471 2248 3542 Apoll.
2283 3470 2462 3525 Rhod.
2499 3471 2599 3534 111,
2638 3478 2787 3527 1020.

495 3571 562 3580 —
598 3545 697 3595 599
733 3541 1066 3608 φρύςςουςιν
1101 3539 1161 3593 L.
1207 3542 1509 3608 φρίςςωςιν
1604 3541 1767 3601 ownl.
1804 3541 1962 3596 Vrat.
1996 3541 2052 3601 b.
2097 3571 2163 3580 —
2207 3546 2306 3596 600
2341 3540 2421 3594 ὠς
2468 3538 2518 3592 D
2557 3547 2605 3597 1.
2640 3556 2789 3594 man.

498 3694 582 3733 ςοι
618 3675 790 3731 DGL.
825 3643 910 3736 ἔοι
944 3677 1015 3734 A.
1054 3693 1193 3742 μετα
1228 3675 1345 3731 AD.
1383 3706 1449 3716 -
1485 3682 1585 3755 602
1623 3680 1728 3743 μέν
1764 3694 1849 3733 ςοι
1871 3677 1931 3731 L.
1967 3679 2081 3744 ἐγὼ
2117 3676 2161 3732 L
2183 3677 2333 3747 Lipe.
2371 3706 2436 3716 -
2472 3680 2575 3731 604
2611 3680 2788 3742 πᾶρος

497 3743 638 3803 D.-
677 3751 776 3799 560
847 3749 1113 3815 βέλτερον
1147 3747 1272 3800 αὖτ’
1296 3742 1430 3798 GLS
1457 3743 1609 3814 L1ps.
1632 3746 1778 3803 Flor.
1812 3764 1897 3814 γρ.
1936 3748 2175 3813 ὕςτερον
2202 3748 2267 3804 A.
2303 3748 2340 3800 d
2381 3760 2594 3810 υμονος
2634 3743 2786 3799 Vrat.

495 3812 551 3867 b.
590 3843 653 3853 -—
689 3818 786 3868 607
823 3820 886 3872 ςὺ
926 3814 1109 3874 omitt,
1147 3812 1216 3868 H.
1252 3815 1421 3867 πόλλ’
1453 3815 1663 3869 ἔπαθες
1702 3817 1792 3869 καὶ
1828 3817 1996 3869 πόλλ’
2034 3815 2309 3882 ἐμόγηςας
2370 3812 2495 3867 ‘bri.

630 3998 698 4052 A.
736 4015 783 4056 0.
853 4002 954 4052 585
991 3997 1065 4062 μὴ
1103 3997 1231 4061 μὲνι
1271 3995 1347 4063 μή
1382 4010 1437 4048 τι
1472 3992 1651 4049 Bekk.
1679 4000 1726 4052 2.
1764 3996 2000 4072 propter
2034 3993 2383 4065 digammum
2419 3994 2574 4071 vpcie
2610 3993 2777 4047 ἑκών.

496 4063 751 4134 Heynius
804 4068 878 4133 μὴ
933 4068 995 4121 ςὺ
1048 4062 1378 4132 suspicatur.
1434 4062 1610 4118 miror
1665 4062 1881 4117 nemim
1933 4063 1993 4117 in
2035 4063 2284 4117 mentem
2331 4077 2549 4116 vemase
2590 4077 2633 4126 μ
2717 4076 2784 4125 με

496 4133 778 4200 conicere,
826 4135 889 4187 ut
923 4132 997 4185 sit
1030 4136 1211 4199 ςχῆμα
1258 4133 1384 4185 καθ’
1427 4132 1566 4186 ὅλον
1602 4134 1694 4186 καὶ
1731 4132 1798 4195 μέ
1836 4147 1916 4186 ος.
1961 4161 2028 4171 -
2073 4136 2174 4186 604
2208 4129 2366 4197 νεοίη
2402 4128 2622 4184 Aristar
2693 4145 2782 4181 ua:

496 4202 553 4254 αἰ
604 4205 732 4269 περὶ
785 4201 1090 4267 ἀντίμαχον
1133 4199 1321 4266 νόημα
1363 4200 1640 4267 γράφουςι
1693 4197 1777 4252 Di
1833 4216 2041 4269 ymue.
2096 4229 2161 4239 —-
2214 4204 2314 4252 607
2357 4196 2556 4275 scripsi
2600 4197 2782 4252 πολλὰ

495 4270 671 4388 ὃᾴὲες
707 4269 1021 4391 κοὲᾎπολλὰ
1065 4268 1314 4336 μόγηςας
1349 4282 1494 4336 quae
1531 4266 1759 4321 videtur
1805 4267 2164 4322 Arisssarchea
2196 4264 2365 4321 lectio
2401 4264 2600 4327 fumse,
2637 4262 2775 4320 conf.

547 4353 567 4387 1
607 4353 721 4403 ym.
868 4340 880 4390 Ι
916 4342 1041 4390 492.
