3144 5006
1410 429 1750 485 ιΛιΑΔος
1797 428 1866 481 11.
2697 425 2781 490 43

669 587 770 652 καὶ
813 584 935 665 γάρ
977 585 1069 651 τίς
1113 585 1181 650 θ’
1224 584 1341 651 ἕνα
1383 589 1551 666 μῆνα
1596 586 1811 665 μένων
1854 584 1987 649 ἀπὸ
2032 582 2109 663 ἧς
2152 581 2422 662 ἀλόχοιο

669 687 959 771 ἀςχαλάᾳ
1003 687 1116 752 ςὺν
1161 688 1265 766 νηὶ
1307 687 1688 772 πολυζύγῳ,
1733 686 1814 752 ὅν
1858 706 1982 765 περ
2026 684 2249 751 ἄελλαι

670 790 973 871 χειμέριαι
1018 789 1305 855 εἰλέωςιν
1351 788 1699 871 ὀρινομένη
1741 810 1812 855 τε
1857 788 2165 855 θάλαςςα·

502 896 625 956 295
669 893 818 972 ἡμῖν
863 893 932 957 δ’
975 891 1226 957 εἴνατός
1270 892 1395 958 έςτι
1439 892 1886 973 περιτροπέων
1931 889 2223 957 ἐνιαυτὸς

669 995 896 1059 ἐνθάδε
939 995 1348 1074 μιμνόντεςςι.
1434 999 1527 1060 τῶ
1571 992 1653 1059 οὐ
1696 992 2053 1074 νεμεςίζομ>
2096 991 2389 1072 Ἀχαιοὺς

668 1096 997 1177 ἀςχαλάαν
1040 1098 1218 1177 παρὰ
1261 1097 1440 1176 νηυςὶ
1481 1097 1847 1176 κορωνίςιν·
1907 1094 2074 1160 ἀλλὰ
2117 1095 2222 1159 καὶ
2264 1093 2467 1173 ἔμπης

670 1198 928 1278 αἰςχρόν
972 1220 1073 1265 τοι
1117 1199 1319 1278 δηρόν
1364 1219 1433 1264 τε
1477 1199 1692 1276 μένειν
1739 1197 1965 1264 κενεόν
2006 1218 2076 1262 τε
2120 1197 2390 1262 νέεςθαι.

668 1301 854 1379 τλῆτε
896 1301 1106 1381 φίλοι,
1151 1303 1254 1366 καὶ
1297 1302 1545 1380 μείνατ’
1591 1299 1696 1364 ἐπὶ
1737 1299 2013 1381 χρόνον,
2059 1298 2240 1380 ὄφρα
2282 1302 2570 1381 δαῶμεν,

506 1408 631 1467 300
670 1404 710 1481 ἢ
754 1403 938 1468 ἑτεόν
988 1403 1234 1483 Κάλχας
1278 1403 1686 1485 μαντεύεται,
1729 1401 1805 1482 ἦε
1848 1402 1952 1467 καὶ
1994 1401 2154 1466 οὐκί.

672 1504 745 1569 εὖ
789 1505 911 1584 γὰρ
955 1505 1035 1584 δὴ
1078 1503 1229 1569 τόδε
1271 1503 1454 1584 ἴδμεν
1498 1505 1598 1571 ἐνὶ
1640 1503 1898 1584 φρεςίν,
1944 1503 2081 1569 ἐςτὲ
2125 1504 2197 1569 δὲ
2240 1501 2477 1567 πάντες

671 1607 1010 1690 μάρτυροι,
1056 1606 1171 1672 οὓς
1215 1607 1298 1687 μὴ
1340 1611 1528 1686 κῆρες
1571 1607 1726 1687 ἔβαν
1769 1604 2077 1670 θανάτοιο
2122 1606 2465 1686 φέρουςαι·

673 1708 850 1789 χθιζά
892 1729 963 1774 τε
1006 1710 1111 1774 καὶ
1153 1710 1403 1788 πρώιΖ’,
1450 1709 1555 1774 ὅτ’
1600 1709 1665 1773 ἐς
1708 1707 1946 1773 Αὐλίδα
1989 1711 2137 1786 νῆες
2182 1708 2454 1786 Ἀχαιῶν

671 1811 1058 1890 ἠγερέθοντο
1103 1811 1265 1876 κακὰ
1307 1809 1579 1895 Πριάμῳ
1622 1812 1724 1875 καὶ
1765 1811 1972 1888 Τρωςὶ
2014 1810 2353 1891 φέρουςαι·

508 1918 630 1975 305
673 1912 848 1992 ἡμεῖς
893 1914 960 1978 δ’
1003 1912 1170 1994 ἀμφὶ
1211 1914 1354 1992 περὶ
1398 1915 1638 1993 κρήνην
1679 1912 1895 1992 ἱεροὺς
1938 1912 2100 1976 κατὰ
2144 1911 2399 1991 βωμοὺς

674 2014 944 2096 ἔρδομεν
990 2013 1358 2080 ἀθανάτοιςι
1401 2016 1732 2094 τεληέςςας
1777 2012 2159 2096 ἑκατόμβας,

675 2120 831 2201 καλῇ
876 2117 1004 2183 ὑπὸ
1050 2116 1490 2201 πλατανίςτῳ,
1536 2116 1692 2183 ὅθεν
1737 2116 1885 2197 ῥέεν
1928 2114 2179 2193 ἀγλαὸν
2222 2114 2428 2193 ὕδωρ·

675 2217 816 2283 ἔνθ’
858 2219 1067 2300 ἐφάνη
1112 2220 1272 2298 μέγα
1314 2223 1502 2300 ςῆμα·
1561 2219 1817 2299 δράκων
1862 2219 1968 2284 ἐπὶ
2010 2222 2188 2282 νῶτα
2231 2217 2575 2297 δαφοινὸς,

676 2322 1090 2404 ςμερδαλέος,
1136 2323 1250 2387 τόν
1299 2321 1365 2401 ῤ’
1410 2322 1608 2387 αὐτὸς
1651 2320 1998 2401 Ὀλύμπιος
2041 2319 2154 2398 ἧκε
2198 2320 2384 2399 φόως
2427 2319 2533 2397 δέ,

505 2428 635 2485 310
677 2428 894 2502 βωμοῦ
942 2423 1208 2491 ὑπαΐξας
1253 2425 1415 2502 πρός
1461 2423 1545 2502 ῥα
1589 2422 2017 2488 πλατάνιςτον
2063 2420 2358 2500 ὄρουςεν.

679 2524 833 2590 ἔνθα
877 2527 945 2589 δ’
990 2526 1143 2591 ἔςαν
1187 2529 1533 2605 ςτρουθοῑο
1579 2525 1864 2604 νεοςςοί,
1910 2525 2108 2604 νήπια
2150 2525 2358 2601 τέκνα,

677 2624 807 2712 ὄζῳ
850 2627 963 2691 ἐπ’
1006 2628 1370 2713 ἀκροτάτῳ,
1416 2628 1720 2693 πετάλοις
1763 2628 2303 2708 ὑποπεπτηῶτες,

676 2727 877 2811 ὀκτώ,
923 2728 1085 2808 ἀτὰρ
1129 2730 1331 2809 μήτηρ
1375 2729 1568 2809 ἐνάτη
1615 2730 1727 2812 ἦν,
1772 2731 1811 2809 ἣ
1855 2730 1996 2795 τέκε
2038 2730 2244 2794 τέκνα.

677 2829 816 2894 ἔνθ’
860 2831 898 2895 ὅ
943 2852 1015 2906 γε
1059 2832 1212 2896 τοὺς
1256 2831 1505 2896 ἐλεεινὰ
1549 2831 1837 2910 κατήςθιε
1880 2836 2288 2911 τετριγῶτας·

505 2937 633 2994 315
679 2934 879 3012 μήτηρ
921 2935 991 2997 δ’
1037 2933 1459 3014 ἀμφεποτᾶτο
1504 2934 1870 3014 ὀδυρομένη
1915 2934 2075 3014 φίλα
2115 2932 2333 2997 τέκνα·

646 3133 712 3186 V.
749 3154 797 3186 ι..
851 3142 950 3188 292
987 3139 1040 3190 θ’
1075 3136 1256 3188 omitt.
1294 3135 1360 3188 G.
1396 3138 1510 3190 ἄπο
1536 3136 1744 3190 DEHL.
1772 3166 1834 3174 —
1859 3143 1960 3190 293
1996 3137 2095 3190 ςὺν
2207 3137 2248 3187 1:
2289 3135 2440 3202 παρὰ
2475 3137 2669 3201 νηυςίν
2703 3134 2791 3188 Et.

505 3201 656 3256 Gud.
706 3208 816 3268 100,
852 3210 934 3256 24.
995 3206 1062 3257 ὃν
1098 3221 1206 3271 περ
1242 3202 1441 3257 ADHL
1477 3203 1626 3273 Lips.
1671 3204 1860 3257 Eton.:
1915 3207 2098 3271 ἥνπερ
2144 3203 2184 3258 C
2236 3201 2342 3256 GS.
2389 3234 2452 3240 —-
2499 3209 2599 3257 294
2636 3203 2789 3257 ἰλέω-

506 3288 593 3325 ςιν
620 3269 686 3322 Α.
724 3271 974 3325 εἱλέωςιν
1010 3270 1190 3328 Schol.
1217 3273 1264 3325 Z
1289 3278 1404 3326 359.
1440 3290 1525 3339 γρ.
1562 3274 1811 3341 φορέωςῑ
1836 3272 1903 3326 Η.
1932 3302 1994 3310 -
2022 3277 2121 3324 296
2145 3276 2229 3324 τῶ
2254 3269 2578 3324 ACDGHL:
2615 3277 2701 3340 τῷ
2729 3270 2789 3326 Ε.

504 3369 571 3378 -—
610 3344 712 3391 299
747 3339 841 3392 ἐπὶ
876 3340 1083 3406 χρόνον
1118 3339 1249 3392 libri
1284 3341 1494 3393 omnes.
1542 3371 1601 3379 —
1651 3348 1752 3395 300
1795 3343 1857 3407 ἢε
1907 3341 1958 3395 εἰ
1994 3337 2324 3393 CDEGHLS
2369 3338 2455 3392 Et.
2494 3338 2636 3393 Gud.
2674 3345 2790 3403 413,

503 3463 590 3512 54.
630 3455 811 3519 cram.
848 3456 893 3534 ις
934 3458 1027 3510 im.
1064 3465 1180 3535 ³9¹2
1216 3463 1265 3510 4.
1299 3425 1345 3525 3¹
1377 3458 1440 3511 A.
1478 3460 1628 3513 σῦκα
1664 3460 1789 3525 οὐχι
1825 3459 1912 3512 Et.
1950 3457 2094 3512 Gud.
2129 3465 2246 3521 413,
2283 3464 2364 3511 54.
2404 3489 2470 3497 -
2505 3464 2597 3512 3οι
2639 3459 2788 3523 τόδε,

504 3541 621 3578 non
658 3526 814 3591 τόγε,
848 3475 979 3577 hfiri
1015 3543 1145 3579 mel.
1182 3528 1264 3579 ἐνι
1300 3526 1364 3580 A.
1402 3558 1466 3565 —
1502 3535 1602 3580 303
1639 3530 1857 3594 πρωϊζὰ
1893 3526 1956 3580 G.
1994 3529 2176 3593 προῖἲ
2214 3525 2269 3580 C.
2296 3557 2360 3565 -
2385 3533 2487 3580 304
2522 3529 2693 3594 τρῳςί
2729 3524 2789 3578 L.

502 3623 571 3660 ‚—
610 3599 712 3647 305
746 3609 873 3659 περι
910 3593 1025 3646 AD.
1076 3625 1137 3632 ·-
1186 3599 1286 3647 306
1323 3597 1559 3661 ἕρδομεν
1598 3595 1660 3647 G.
1699 3596 2010 3650 τελειέςςας
2047 3593 2112 3648 D.
2158 3623 2220 3633 —-
2269 3601 2369 3648 307
2404 3597 2519 3649 ὑπο
2553 3595 2618 3647 A.
2657 3597 2792 3648 ὅθεν

505 3663 541 3728 ἢ
579 3664 680 3716 ὄθε
718 3659 779 3713 Ε.
816 3691 881 3699 -
914 3667 1015 3714 308
1052 3663 1143 3716 ἐπι
1179 3661 1242 3714 Α.
1282 3694 1341 3701 -
1383 3669 1482 3716 309
1518 3665 1623 3717 τόν
1660 3666 1735 3730 ῥ’;
1774 3665 1880 3718 τὸν
1914 3666 1965 3717 δ’
2000 3662 2059 3715 L.
2095 3666 2259 3729 φόως
2295 3664 2357 3716 δέ
2392 3664 2456 3720 A.
2492 3664 2699 3729 φόοςδε
2725 3661 2791 3714 D.

504 3759 569 3768 --
610 3735 702 3783 311
747 3729 937 3782 ἐνθάδ’
972 3729 1037 3783 D.
1081 3732 1197 3783 ἔνθ’
1235 3730 1366 3785 ἔςαν
1404 3730 1511 3785 CG.
1556 3761 1622 3769 -—
1670 3738 1786 3798 312,
1824 3739 1922 3786 313
1970 3731 2148 3785 omitt.
2187 3729 2238 3782 H
2280 3730 2340 3782 in
2375 3731 2551 3784 textu.
2592 3761 2653 3769 -
2693 3736 2794 3783 314

504 3801 874 3865 τετρηγῶτας
912 3797 969 3851 C.
1005 3829 1070 3836 —
1108 3803 1207 3852 315
1243 3800 1607 3865 ἀμφιποτᾶτο
1644 3799 1709 3854 G.
1839 3811 1847 3819 “

644 3968 711 4020 A.
746 3987 794 4020 c.
847 3973 947 4021 292
983 3968 1098 4021 ἀπὸ
1136 3966 1513 4021 Herodianus:
1553 3968 1650 4022 alii
1686 3971 1817 4024 ἄπο.
1854 4000 1922 4021 -τ
1946 3975 2046 4023 297
2084 3970 2236 4035 παρὰ
2273 3971 2432 4034 νηυςὶ
2468 3969 2791 4034 κορώνιςινε

504 4039 595 4089 δτι
630 4037 955 4100 Ζηνόδοτος
978 4037 1181 4102 γράφει
1218 4037 1502 4102 ἀςχαλάαν
1527 4039 1875 4103 μιμνόντεςςι
1902 4038 2183 4103 (μίμνοντ’
2217 4037 2309 4089 ἐπὶ
2335 4036 2518 4101 νήεςς’
2553 4035 2793 4094 Bekker.

506 4121 575 4156 ex
614 4103 781 4170 coni.)
822 4106 896 4158 τὰ
942 4106 1291 4169 πληθυντικὰ
1334 4107 1540 4159 δυϊκῶς
1585 4107 1846 4173 ἐκφέρων
1890 4102 2340 4159 Aristonicus,
2400 4133 2465 4142 —
2524 4110 2624 4158 299
2670 4106 2790 4159 ἐπίε

506 4170 825 4225 Zenodotus
860 4173 960 4226 ἑτι.
996 4201 1062 4209 -
1085 4178 1186 4225 300
1222 4172 1575 4227 Aristarchus
1611 4177 1644 4239 ἢ
1685 4175 1744 4226 et
1777 4175 1919 4238 οὐκί,
1958 4171 2102 4225 conf.
2128 4169 2333 4223 Scholl.
2370 4171 2442 4224 ad
2468 4173 2508 4226 Β
2534 4179 2649 4238 238,
2676 4180 2793 4229 349.

508 4270 575 4279 -
629 4245 727 4294 302
773 4241 1068 4308 μάρτυροιε
1121 4238 1439 4293 Zenodotus
1489 4242 1784 4308 μάρτυρες.
1845 4272 1910 4280 -
1978 4245 2071 4292 311
2121 4243 2444 4305 ςτρουθοῑοε
2498 4243 2792 4308 ςτρούθοιο

508 4306 752 4361 ChaeriS.
777 4337 841 4346 —
868 4314 969 4361 314
1004 4313 1350 4374 τετριγῶτας
1384 4308 1764 4362 Aristarchus:
1804 4307 2121 4362 Zenodotus
2155 4307 2516 4365 τεττίζοντας
2551 4310 2642 4363 vel
2677 4327 2792 4364 τιτ-

508 4376 784 4445 τὶζοντας,
823 4375 934 4430 vid.
975 4373 1155 4429 Schol.
1192 4379 1244 4431 Δ
1280 4382 1396 4442 412,
1435 4375 1589 4431 Eust.
1626 4383 1742 4443 229,
1780 4384 1871 4444 2ος
1906 4383 2023 4442 490,
2061 4382 2144 4431 40.
