3144 5006
472 414 591 479 196
1377 414 1712 471 ΙΛΙΑΔΟ(
1770 415 1826 470 (ἶ.

639 568 678 648 ἦ
724 589 824 633 τοι
868 568 907 633 ὃ
951 572 1064 647 τῆς
1108 567 1322 650 ἀχέων
1366 570 1615 650 φρένας
1659 567 1912 649 ἔφθιεν·
1958 567 2160 647 αὐτὰρ
2206 570 2498 649 Ἀχαιοὺς

635 672 851 749 Τρῶες
896 670 1003 735 ἐπὶ
1046 676 1399 756 πρυμνῇςιν
1443 671 1720 748 ἐείλεον,
1767 669 1924 736 οὐδὲ
1967 672 2196 750 θύραζε

637 771 792 839 εἴων
837 773 1083 839 ἐξιέναι.
1172 774 1289 838 τὸν
1335 775 1407 839 δὲ
1454 772 1745 838 λίςςοντο
1789 773 2092 852 γέροντες

636 875 974 954 Ἀργείων,
1018 877 1117 939 καὶ
1160 877 1377 941 πολλὰ
1419 875 1767 954 περικλυτὰ
1809 865 2347 953 δῷρ”ὀνόμαζον.

468 981 601 1040 450
645 976 777 1042 ἔνθ’
822 976 1017 1042 αὐτὸς
1060 978 1174 1055 μὲν
1219 977 1415 1043 ἔπειτ’
1456 976 1756 1057 ἠναίνετο
1802 979 2027 1054 λοιγὸν
2074 976 2336 1061 ἀμῦναι,

488 1082 498 1092 “
640 1078 841 1157 αὐτὰρ
887 1079 925 1143 ὃ
969 1078 1356 1158 Πάτροκλον
1399 1079 1543 1158 περὶ
1590 1081 1705 1157 μὲν
1748 1079 1828 1145 τὰ
1871 1078 1913 1142 ἃ
1955 1080 2184 1158 τεύχεα
2227 1079 2394 1157 ἕςςε,

645 1183 855 1261 πέμπε
901 1179 973 1246 δέ
1016 1200 1120 1260 μιν
1164 1180 1453 1259 πόλεμον
1499 1179 1603 1263 δέ,
1648 1180 1860 1247 πολὺν
1905 1181 1961 1245 δ’
2006 1179 2134 1260 ἅμα
2177 1182 2339 1246 λαὸν
2387 1181 2651 1248 ὄπαςςε.

637 1286 768 1349 πᾶν
814 1282 872 1348 δ’
915 1279 1083 1360 ἦμαρ
1126 1282 1454 1361 μάρναντο
1499 1283 1648 1361 περὶ
1693 1281 1940 1366 (καιῇςι
1985 1284 2247 1367 πύλῃςι·

634 1385 737 1450 καί
778 1384 858 1448 νύ
904 1403 1012 1449 κεν
1058 1384 1343 1462 αὐτῆμαρ
1388 1382 1583 1449 πόλιν
1626 1382 1948 1468 ἔπραθον,
1993 1384 2047 1449 εἰ
2090 1387 2170 1464 μὴ
2217 1386 2552 1453 Ἀπόλλων

470 1492 593 1549 455
639 1488 857 1551 πολλὰ
900 1486 1059 1551 κακὰ
1104 1486 1372 1565 ῥέξαντα
1419 1487 1764 1552 Μενοιτίου
1810 1485 2076 1566 ἄλκιμον
2123 1486 2265 1553 υἱὸν

635 1587 848 1654 ἔκταν’
890 1588 983 1653 ἐνὶ
1026 1586 1409 1668 προμάχοιςι
1455 1589 1556 1653 καὶ
1598 1589 1849 1668 Ἕκτορι
1894 1593 2086 1655 κῦδος
2129 1590 2353 1656 ἔδωκε.

636 1688 909 1755 τοῦνεκα
956 1694 1077 1755 νῦν
1121 1689 1202 1754 τὰ
1247 1691 1323 1755 ςὰ
1366 1689 1634 1764 γούναθ’
1674 1688 2000 1775 ἱκάνομαι,
2044 1690 2114 1756 αἴ
2154 1692 2209 1756 κ’
2253 1692 2558 1776 ἐθέλῃςθα

644 1790 767 1856 υἱεῖ
811 1790 942 1873 ἐμῷ
987 1790 1302 1874 ὠκυμόρῳ
1348 1791 1544 1869 δόμεν
1592 1791 1824 1857 ἀςπίδα
1867 1794 1969 1858 καὶ
2011 1793 2408 1875 τρυφάλειαν

645 1893 752 1957 καὶ
797 1894 994 1959 καλὰς
1039 1895 1373 1976 κνημῖδας,
1418 1892 1816 1974 ἐπιςφυρίοις
1861 1893 2198 1978 ἀραρυίας,

471 2000 600 2059 460
643 1996 747 2061 καὶ
791 1995 1061 2075 θώρηχ’·
1109 1994 1148 2059 ὃ
1190 1997 1316 2074 γὰρ
1359 1993 1439 2072 ἦν
1485 1994 1581 2078 οἱ,
1627 1996 1920 2061 ἀπώλεςε
1964 1998 2185 2063 πιςτὸς
2229 1997 2480 2078 ἑταῖρος

640 2097 851 2176 Τρωςὶ
893 2096 1140 2177 δαμείς·
1190 2096 1229 2161 ὃ
1273 2097 1345 2160 δὲ
1388 2101 1588 2162 κεῖται
1634 2097 1738 2162 ἐπὶ
1782 2100 1967 2176 χθονὶ
2010 2099 2211 2177 θυμὸν
2257 2099 2530 2180 ἀχεύων.

816 2200 932 2277 τὴν
977 2198 1035 2263 δ’
1077 2197 1346 2278 ἠμείβετ’
1391 2198 1612 2263 ἔπειτα
1655 2201 2032 2277 περικλυτὸς
2078 2199 2487 2282 ἀμφιγυήεις·

637 2300 851 2379 θάρςει
876 2320 892 2337 ·
940 2299 1020 2378 μή
1066 2320 1167 2365 τοι
1208 2304 1408 2364 ταῦτα
1451 2301 1609 2379 μετὰ
1651 2301 1834 2381 φρεςὶ
1879 2308 2011 2384 ςῇςι
2056 2302 2409 2381 μελόντων.

645 2401 711 2466 αἲ
754 2401 878 2479 γάρ
924 2421 1026 2480 μιν
1073 2402 1380 2467 θανάτοιο
1426 2402 1735 2482 δυςηχέος
1781 2400 1909 2467 ὧδε
1955 2404 2267 2483 δυναίμην

469 2510 593 2568 465
640 2503 877 2585 νόςφιν
922 2499 1329 2583 ἀποκρύψαι,
1375 2503 1484 2570 ὅτε
1527 2510 1633 2586 μιν
1679 2505 1877 2585 μόρος
1920 2502 2101 2571 αἰνὸς
2143 2505 2379 2589 ἱκάνοι,

796 2668 877 2683 -Ᾱ-

606 2756 676 2811 V.
716 2775 748 2809 1.
834 2761 934 2810 446
958 2758 991 2811 δ
1017 2754 1285 2812 ADGHL.
1325 2756 1357 2809 ὃ
1385 2757 1563 2809 omitt.
1591 2756 1649 2809 C.
1674 2787 1739 2796 —
1774 2762 1875 2810 447
1909 2764 2091 2825 τρῷες
2116 2756 2174 2813 L.
2213 2759 2305 2812 ἐπι
2342 2760 2389 2812 A
2443 2759 2766 2827 πρύμνῃςιν

472 2824 620 2880 libri.
658 2855 719 2864 —
758 2830 859 2877 448
893 2826 982 2891 δὲ,
1020 2826 1274 2880 λίςςοντο
1312 2822 1415 2879 CL.
1462 2825 1523 2878 δὲ
1558 2825 1812 2879 λίςςοντο
1848 2825 1943 2880 ΑΕ
1989 2824 2026 2879 S
2066 2844 2108 2880 r.
2146 2825 2291 2880 Flor.
2329 2826 2489 2882 Rom.
2538 2828 2589 2880 δ’
2624 2828 2765 2881 ὲλίς-

470 2910 637 2949 ςοντο
664 2892 857 2947 DGHS
895 2892 1051 2948 Cant.
1078 2891 1205 2947 Vat.
1241 2894 1293 2945 δ’
1325 2893 1644 2947 ἐλλίςςοντο
1677 2892 1814 2946 Mor.
1852 2893 1997 2947 conf.
2063 2936 2077 2960 ,
2104 2900 2223 2951 574.
2261 2924 2328 2933 -
2362 2901 2464 2949 450
2537 2896 2761 2962 νὴνατο

469 2961 566 3015 DE
604 2968 756 3025 1152,
791 2967 857 3015 33
899 2960 1041 3014 Flor.
1078 2959 1223 3015 Rom
1327 2964 1541 3030 νῄνατο
1587 2959 1643 3012 S.
1730 2961 1964 3016 ναίνατο
2010 2960 2075 3016 G.
2123 2962 2392 3029 ἠναίνετο
2428 2961 2519 3015 ΑΟ
2610 2968 2759 3024 1153,

474 3038 497 3084 1
538 3029 634 3084 HL
680 3029 806 3082 Mor
865 3028 1092 3084 Barocc.
1139 3027 1221 3082 To
1340 3069 1351 3081 .
1397 3027 1556 3086 Vrat.
1602 3028 1653 3080 b.
1748 3046 1885 3099 rgm.
1926 3028 2097 3086 Mose.
2134 3060 2196 3069 -—
2233 3036 2329 3084 451
2370 3030 2402 3083 ὃ
2441 3028 2758 3085 AODGHI..

471 3115 601 3165 περι
637 3097 745 3153 AC.
792 3098 977 3164 τεύχε’
1011 3096 1077 3151 D.
1124 3098 1243 3152 ἕςςε
1287 3094 1531 3149 ACDHL
1574 3095 1694 3165 Syr.
1740 3126 1808 3136 —
1849 3104 1949 3151 452
1987 3099 2240 3163 πόλεμον
2275 3099 2336 3152 δὲ
2372 3096 2492 3151 AD.
2538 3099 2760 3155 ΠΟΛΕ-

473 3202 727 3256 ΜΟΝΔΕ
764 3199 800 3254 S
844 3218 886 3252 r.
927 3201 1112 3254 πολὺν
1150 3201 1211 3255 δέ
1247 3200 1301 3254 οἱ
1338 3198 1394 3253 C.
1435 3201 1619 3254 πολὺν
1654 3200 1704 3254 δ’
1740 3201 1839 3265 ὅγε
1884 3200 1922 3254 S
1967 3200 2190 3257 Barocc.
2228 3200 2383 3255 Harl.
2407 3200 2583 3255 Cant.
2618 3199 2763 3257 Mor.

473 3270 681 3324 ὅπαςςε
719 3269 766 3320 Α
817 3266 1117 3322 DEGHLS.
1157 3297 1218 3306 —
1265 3273 1365 3322 453
1446 3284 1553 3334 μαρ
1589 3268 1655 3327 D,
1693 3268 1943 3336 μάρνατο
1980 3267 2044 3322 G.
2090 3285 2218 3335 περι
2256 3267 2372 3321 AD.
2418 3271 2622 3337 πύλῃςι
2666 3270 2764 3323 Ac

478 3334 685 3389 DEGH
721 3335 842 3403 Syr.
880 3365 944 3374 —
981 3342 1080 3390 455
1116 3337 1351 3403 ῥέζοντά
1480 3342 1522 3389 1.
1561 3352 1710 3389 man.
1748 3337 1984 3405 ῥέξοντα
2019 3341 2069 3390 2.
2107 3352 2255 3390 man.
2295 3367 2350 3376 —
2392 3342 2493 3390 456
2527 3339 2608 3391 ἐνι
2643 3336 2763 3392 AD.

476 3406 567 3458 ἐπὶ
604 3404 916 3470 προμάχων
953 3402 1135 3463 Schol.
1171 3404 1219 3457 Ζ
1243 3408 1358 3458 205.
1393 3405 1571 3457 ἔδωκε
1609 3400 1805 3458 ACDG
1841 3402 1961 3472 Syr.
1992 3435 2053 3444 —
2090 3410 2188 3459 457
2225 3404 2285 3460 αἵ
2320 3421 2383 3459 κε
2419 3406 2660 3473 θέληςθα
2695 3407 2765 3463 A.

482 3485 961 3563 ΑικέοεΛΗςοΑ
999 3504 1121 3574 syr.
1156 3536 1219 3545 -
1255 3511 1355 3560 458
1393 3507 1498 3561 υιει
1534 3508 1624 3574 ἐμ·
1647 3506 1804 3562 cDL.
1845 3509 1952 3563 υιεῑ
1989 3508 2057 3574 ἐμ
2081 3508 2148 3562 A.
2186 3509 2292 3563 υιεῑ
2328 3507 2575 3577 ιμ’Μοι.
2599 3507 2759 3567 Harl.

474 3593 622 3662 Lips.
663 3591 820 3646 Vrat.
860 3594 923 3644 A.
960 3590 1138 3661 Frgm.
1184 3590 1355 3648 Mose.
1401 3591 1570 3647 Schol
1623 3594 1681 3647 Π
1722 3599 1830 3649 177.
1879 3594 2133 3650 ΥΙΕΙΕΜ’
2168 3592 2291 3662 Syr.
2342 3593 2417 3649 υἷι
2459 3594 2545 3659 ἔμ’
2578 3591 2640 3651 Ε.
2685 3594 2769 3648 υἷ’

475 3664 592 3727 ἐμῷ
632 3659 721 3715 GS
760 3659 904 3715 Flor.
952 3658 1112 3713 Rom.
1158 3659 1235 3715 υἷι
1283 3660 1400 3727 ἐμῷ
1437 3660 1506 3714 H.
1551 3662 1660 3716 υίεῑ
1695 3663 1811 3727 ἐμῷ
1850 3660 1995 3715 Vrat
2059 3662 2112 3718 b.
2157 3663 2204 3714 A
2272 3662 2626 3730 ἑμώκυμόρῳ
2671 3660 2762 3719 Et.

473 3728 587 3799 Mg.
635 3734 761 3793 337,
800 3736 846 3783 4.
902 3729 1093 3793 δόμεν’
1137 3726 1228 3782 OD
1274 3732 1321 3780 2.
1371 3745 1518 3787 man.
1565 3728 1684 3782 GH.
1739 3730 1969 3795 δόμεναι
2015 3729 2056 3782 L
2122 3766 2186 3774 -
2237 3736 2338 3786 459
2383 3731 2655 3799 κνημῖδας
2691 3728 2762 3786 Η.

475 3800 567 3852 ἐπὶ
604 3797 853 3864 ςφυρίοις
890 3795 1075 3865 Apoll.
1122 3796 1192 3849 de
1239 3792 1396 3862 Synt.
1436 3803 1519 3861 91,
1563 3804 1639 3850 10.
1687 3827 1752 3837 -
1796 3802 1890 3851 461
1929 3799 2104 3865 τρωςί
2140 3798 2199 3851 L.
2244 3799 2277 3852 δ
2313 3799 2374 3852 δὲ
2409 3796 2467 3855 C.
2513 3799 2606 3852 ἐπι
2639 3795 2762 3855 DH.

476 3896 540 3905 —
577 3870 677 3918 462
713 3865 1007 3931 ἀμφιγύεις
1045 3863 1111 3919 G.
1149 3895 1214 3903 —
1248 3867 1348 3918 463
1386 3866 1459 3929 μή
1494 3881 1548 3918 τι
1575 3864 1641 3921 D.
1683 3868 1757 3932 μὴ
1792 3869 1846 3919 τί
1884 3866 1971 3919 τοι
2007 3852 2069 3918 Li
2112 3883 2154 3919 s.
2192 3868 2265 3932 μή
2302 3872 2360 3921 τί·
2393 3883 2482 3920 τοι
2519 3864 2561 3920 C
2595 3863 2761 3923 Vrat.

476 3935 544 3987 A.
582 3949 723 3998 μετα
759 3932 859 3986 ΑΙ)
895 3930 1015 4001 Syr.
1054 3963 1119 3971 —
1154 3938 1255 3987 464
1293 3934 1350 3987 αἲ
1383 3934 1491 3998 γάρ
1529 3949 1622 3998 μοι
1658 3932 1799 3987 Mor.
1838 3932 2022 3987 Schol.
2059 3883 2111 3987 Ξ
2130 3940 2245 3988 488.
2285 3963 2343 3972 --
2384 3940 2486 3986 465
2523 3934 2621 3989 δτὲ
2648 3931 2764 3988 CH.

479 4003 659 4057 ἱκάνει
692 3999 834 4054 1⁴:131.
869 3998 990 4069 Syr.
1025 3999 1255 4060 Barocc.
1291 3999 1420 4055 Vnt.
1459 4002 1621 4055 ἵκανε
1657 4000 1809 4070 Lips.

611 4222 674 4280 A.
712 4239 757 4274 c.
826 4225 928 4275 448
972 4222 1032 4275 δὲ
1077 4222 1330 4277 λίςςοντο
1376 4221 1754 4289 Aristarchus,
1815 4222 1959 4276 conf.
2005 4221 2072 4276 H.
2117 4221 2182 4280 Τ.
2229 4229 2350 4279 390.
2398 4252 2460 4262 -
2505 4229 2607 4278 458
2650 4225 2762 4279 ἔξω

476 4294 650 4413 {GU-¹.
685 4289 1158 4409 ἔὲέμώκυμόρῳ·
1189 4292 1651 4346 ςυνεκτέθλιπται
1685 4292 1792 4358 γὰρ
1827 4296 1913 4361 τῷ
1937 4297 2022 4345 'iffi
2056 4290 2125 4343 τὸ
2165 4296 2200 4346 ἶ
2225 4289 2357 4344 Did
2367 4308 2585 4360 ymua,
2612 4293 2763 4346 conf.
