3144 5006
420 387 550 453 350
1330 387 1662 444 ΙΛΙΑΔΟ(
1708 390 1785 444 Μ.

593 541 1020 625 Πουλυδάμα,
1066 543 1137 607 ςὺ
1182 544 1299 622 μὲν
1343 543 1550 607 οὐκέτ’
1594 542 1733 622 ἐμοὶ
1777 544 1937 623 φίλα
1980 543 2156 607 ταῦτ’
2199 540 2567 623 ἀγορεύεις·

591 642 775 709 οῖςθα
817 645 919 710 καὶ
963 644 1169 712 ἄλλον
1213 649 1415 725 μῦθον
1459 643 1766 723 ἀμείνονα
1808 647 2002 710 τοῦδε
2047 648 2289 723 νοῆςαι.

591 745 644 808 εἰ
691 747 749 811 δ’
794 746 978 812 ἐτεὸν
1024 750 1101 826 δὴ
1147 751 1381 812 τοῦτον
1427 746 1557 811 ἀπὸ
1605 749 1887 825 ςπουδῆς
1931 746 2288 828 ἀγορεύεις,

591 848 657 913 ἐξ
701 846 828 929 ἄρα
872 849 948 927 δή
994 869 1094 913 τοι
1139 848 1358 914 ἔπειτα
1401 850 1538 913 θεοὶ
1583 847 1829 928 φρένας
1874 847 2123 912 ὤλεςαν
2167 847 2373 933 αὐτοί,

423 954 545 1012 235
591 951 667 1015 ὃς
711 952 922 1015 κέλεαι
965 951 1180 1029 Ζηνὸς
1224 951 1341 1028 μὲν
1385 949 1803 1028 ἐριγδούποιο
1850 951 2144 1015 λαθέςθαι

592 1052 903 1135 βουλέων,
948 1051 1021 1116 ἅς
1065 1051 1134 1116 τέ
1177 1072 1282 1130 μοι
1327 1051 1521 1117 αὐτὸς
1565 1049 1877 1130 ὑπέςχετο
1920 1053 2022 1116 καὶ
2065 1052 2432 1118 κατένευςε·

590 1154 746 1230 τύνη
794 1154 851 1217 δ’
894 1153 1179 1219 οἰωνοῑςι
1223 1154 1752 1233 τανυπτερύγεςςι
1795 1153 2072 1219 κελεύεις

590 1255 938 1338 πείθεςθαι,
981 1261 1113 1321 τῶν
1159 1255 1238 1320 οὔ
1282 1276 1339 1320 τι
1385 1256 1810 1336 μετατρέπομ’
1855 1255 1996 1320 οὐδ’
2038 1253 2334 1339 ἀλεγίζω,

590 1355 704 1421 εἴτ’
746 1357 851 1421 ἐπὶ
894 1357 1051 1423 δεξί’
1092 1357 1232 1423 ἴωςι
1274 1358 1442 1437 πρὸς
1483 1357 1583 1435 ἠῶ
1625 1357 1680 1421 τ’
1721 1355 1940 1434 ἠέλιόν
1983 1378 2073 1440 τε,

422 1463 547 1522 240
591 1457 705 1522 εἴτ’
749 1458 848 1523 ἐπ’
893 1457 1189 1539 ἀριςτερὰ
1233 1459 1332 1523 τοί
1374 1479 1448 1536 γε
1492 1459 1643 1523 ποτὶ
1686 1460 1898 1539 ζόφον
1941 1458 2270 1539 ἠερόεντα.

590 1559 770 1639 ἡμεῖς
814 1562 886 1626 δὲ
931 1560 1236 1641 μεγάλοιο
1279 1561 1444 1626 Διὸς
1486 1561 1847 1638 πειθώμεθα
1893 1563 2115 1644 βουλῇ,
2504 1575 2535 1599 ”

589 1664 663 1727 ὃς
706 1665 853 1727 πᾶςι
897 1666 1174 1741 θνητοῑςι
1219 1664 1321 1727 καὶ
1364 1662 1771 1728 ἀθανάτοιςιν
1816 1663 2086 1729 ἀνάςςει.

588 1762 680 1829 εἷς
726 1762 961 1830 οἰωνὸς
1004 1763 1281 1847 ἄριςτος,
1329 1763 1670 1846 ἀμύνεςθαι
1714 1766 1861 1846 περὶ
1903 1765 2162 1844 πάτρης.

491 1871 503 1885 “
588 1865 767 1932 τίπτε
812 1867 885 1930 ςὺ
931 1869 1247 1932 δείδοικας
1291 1869 1581 1947 πόλεμον
1626 1868 1727 1932 καὶ
1768 1869 2101 1946 δηιοτῆτα;

422 1974 543 2031 245
590 1968 650 2033 εἴ
690 1989 813 2047 περ
856 1968 979 2047 γάρ
1023 1969 1078 2033 τ’
1120 1968 1307 2033 ἄλλοι
1352 1989 1425 2045 γε
1470 1970 2009 2047 περικτεινώμεθα
2051 1969 2290 2034 πάντες

588 2072 805 2149 νηυςὶν
851 2070 951 2134 ἐπ’
995 2070 1331 2153 Ἀργείων,
1380 2070 1474 2135 ςοὶ
1518 2070 1576 2133 δ’
1620 2071 1701 2136 οὐ
1746 2072 1895 2138 δέος
1939 2070 2063 2135 ἔςτ’
2104 2070 2481 2136 ἀπολέςθαι·

590 2172 671 2236 οὐ
714 2172 837 2251 γάρ
880 2192 981 2236 τοι
1024 2171 1243 2250 κραδίη
1289 2172 1621 2253 μενεδήιος
1666 2171 1820 2238 οὐδὲ
1863 2173 2187 2253 μαχήμων.

589 2274 646 2339 εἰ
689 2275 761 2340 δὲ
806 2274 879 2338 ςὺ
922 2276 1258 2352 δηιοτῆτος
1300 2272 1598 2356 ἀφέξεαι,
1644 2274 1719 2354 ἠέ
1764 2275 1882 2341 τιν’
1925 2274 2131 2341 ἄλλον

588 2375 1012 2457 παρφάμενος
1057 2374 1339 2441 ἐπέεςςιν
1384 2373 1781 2457 ἀποτρέψεις
1824 2377 2160 2461 πολέμοιο,

420 2485 545 2544 250
589 2478 786 2551 αὐτίκῗ
831 2478 962 2560 ἐμῷ
1007 2476 1136 2542 ὑπὸ
1182 2477 1364 2557 δουρὶ
1406 2479 1623 2543 τυπεὶς
1667 2476 1799 2543 ἀπὸ
1843 2479 2046 2560 θυμὸν
2090 2479 2388 2545 ὀλέςςεις.

758 2581 847 2644 ὣς
891 2578 1018 2658 ἄρα
1061 2581 1367 2660 φωνήςας
1408 2580 1721 2665 ἡγήςατο,
1765 2583 1870 2646 τοὶ
1913 2582 1969 2647 δ’
2009 2580 2113 2659 ἅμ’
2156 2581 2400 2647 ἕποντο

588 2682 711 2766 ἠχῇ
758 2682 1076 2766 θεςπεςίῃ·
1122 2681 1226 2746 ἐπὶ
1270 2684 1342 2747 δὲ
1384 2683 1552 2747 Ζεὺς
1594 2685 2087 2764 τερπικέραυνος

588 2785 793 2866 ὧρςεν
837 2783 948 2848 ἀπ’
991 2783 1236 2851 Ἰδαίων
1279 2782 1492 2864 ὀρέων
1536 2783 1803 2866 ἀνέμοιο
1847 2786 2143 2869 θύελλαν,

588 2887 627 2967 ἦ
676 2886 733 2966 ῥ’
777 2886 912 2952 ἰθὺς
954 2891 1132 2966 νηῶν
1175 2887 1397 2966 κονίην
1442 2888 1673 2969 φέρεν·
1718 2887 1922 2967 αὐτὰρ
1967 2888 2239 2967 Ἀχαιῶν

387 2995 543 3053 255
590 2991 776 3066 θέλγε
820 2989 1016 3073 νόον,
1060 2989 1304 3069 Τρωςὶν
1349 2991 1420 3054 δὲ
1464 2991 1568 3054 καὶ
1610 2990 1859 3068 Ἕκτορι
1904 2993 2097 3056 κῦδος
2139 2988 2356 3057 ὄπαζε.

555 3158 622 3211 V.
657 3177 706 3212 1..
771 3163 864 3212 231
906 3157 1095 3211 οὐκέτι
1133 3156 1199 3210 G.
1241 3187 1312 3196 —
1353 3163 1453 3210 232
1500 3158 1879 3214 ΑΜΕΙΜΟΝΑ
1916 3156 2106 3211 Ambr.
2155 3159 2416 3225 ἀμύμονα
2460 3157 2497 3210 8
2543 3160 2603 3212 et
2642 3160 2700 3212 in

419 3227 934 3349 ἓῗὲὰέἣῗὸἴῗέι
947 3227 1393 3363 f⁰3312353332²0
1413 3224 1726 3348 ..Ῑὲτᾶεέἒέ
1748 3225 2256 3348 ἒξῖρὲὼῗοὲὲᾱὲ
2276 3233 2381 3333 ²⁵²3}
2407 3227 2537 3347 ἓξὲξ
2545 3227 2705 3361 222}

418 3363 656 3428 τρέπομ’
690 3363 755 3415 A.
801 3361 1216 3429 μετατρέπομαι
1261 3359 1373 3415 GL.
1417 3391 1483 3400 —-
1525 3368 1626 3416 239
1669 3362 1895 3416 ἐπιδέξι’
1938 3362 2095 3415 Cant.
2131 3362 2266 3416 Mor.
2314 3364 2401 3429 ἠὼ
2446 3364 2502 3415 τ’
2536 3360 2602 3415 D.
2639 3394 2703 3402 —

418 3436 520 3485 240
554 3430 887 3498 ἐπαριςτερὰ
910 3432 978 3482 A.
1015 3458 1085 3469 -·
1118 3435 1219 3483 243
1253 3431 1563 3496 ἀμύναςθαι
1588 3428 1673 3482 Ε8
1698 3429 1857 3483 Rom.
1884 3428 2064 3483 Bekk.
2098 3430 2306 3483 Anecd.
2338 3435 2482 3487 1271.
2519 3428 2702 3484 801101.

419 3497 554 3552 Euri
597 3538 610 3550 .
645 3497 858 3551 Phoen.
892 3503 1009 3554 902.
1047 3526 1110 3536 -
1147 3503 1247 3550 246
1281 3514 1347 3563 γε
1383 3497 1561 3552 omitt.
1599 3496 1667 3550 H.
1705 3499 2182 3564 περικτεινώμεθα
2217 3496 2515 3551 ACDEGH
2550 3498 2704 3552 Stob.

418 3565 520 3620 Flo
595 3607 608 3620 .
633 3565 784 3631 VIII,
806 3572 856 3620 4.
891 3564 990 3618 alii
1013 3568 1142 3632 περὶ
1179 3566 1544 3630 κτεινώμεθα.
1583 3597 1647 3604 —-
1682 3572 1782 3619 246
1807 3565 2128 3631 ὲπαργείων
2153 3567 2218 3618 Α.
2258 3595 2322 3603 -
2348 3570 2449 3619 248
2485 3567 2705 3632 ἀφίξεαι

419 3632 468 3687 D
507 3633 665 3691 Cant.
711 3637 745 3700 ἢ
793 3635 908 3687 έτιν
943 3632 1012 3688 D.
1060 3635 1113 3687 εἷ
1155 3633 1217 3687 τέ
1261 3635 1370 3687 τιν’
1406 3632 1463 3686 C.
1512 3663 1574 3673 —
1621 3640 1721 3687 249
1757 3633 2131 3700 ἀποςτρέψεις
2176 3631 2507 3687 CDEGHLS
2542 3633 2701 3691 Cant.

420 3702 559 3759 Mor.
596 3701 752 3756 Harl.
787 3701 950 3754 Eton.
975 3700 1018 3753 F
1185 3742 1197 3754 .
1224 3700 1389 3754 Mose.
1415 3699 1563 3769 Lips.
1601 3703 1749 3755 ἀποτ
1790 3704 1931 3770 έψῃς
1956 3700 2165 3754 Townl.
2204 3702 2498 3766 πολέμοιοε
2538 3705 2705 3756 πολε-

421 3772 594 3836 μίζειν
629 3770 698 3824 Η.
734 3800 801 3810 —-
836 3776 937 3823 ⁶250
970 3771 1045 3821 ὑπ
1118 3771 1241 3836 ουρί
1278 3771 1342 3822 A.
1378 3771 1492 3823 ἀπὸ
1528 3769 1711 3822 omitt.
1748 3719 1813 3822 (Rr.
1850 3770 1965 3822 ἀπο
1990 3769 2101 3822 AC.
2135 3769 2345 3824 ὀλέςεις
2378 3767 2440 3823 G.
2477 3771 2704 3838 ὀλέςςῃς

419 3838 580 3894 Eton.
617 3838 764 3908 Lips.
802 3836 1023 3907 Fragm.
1058 3836 1228 3895 Mose.
1266 3868 1336 3878 -—
1383 3842 1479 3890 251
1528 3839 1607 3891 ὡς
1644 3837 1707 3891 Α.
1755 3839 1807 3891 οἱ
1843 3840 1893 3889 δ’
1930 3836 1992 3894 Ε.
2033 3866 2099 3875 —-
2135 3842 2235 3890 262
2268 3839 2705 3934 τερέςέραυνος

421 3941 485 3998 Α.
523 3971 587 3980 -
623 3946 722 3995 253
770 3940 979 4008 ὧρςενε
1019 3938 1165 3993 ῶςεν
1203 3936 1267 3993 G.
1312 3940 1523 3993 θύελλα
1565 3937 1633 3992 D.
1681 3967 1744 3977 —-
1791 3942 1891 3990 255
1935 3941 2145 4007 τρῳςίν
2189 3937 2247 3996 L.
2292 3941 2466 4005 τρωςί
2512 3936 2705 3992 CDEG

422 4058 606 4113 Schol.
641 4059 680 4114 Ε
717 4064 834 4115 334.
870 4061 1045 4115 ὄπαζε
1082 4057 1295 4113 ACGH.
1342 4010 1586 4114 ὄπαςζςεν
1621 4055 1682 4111 L.
1729 4057 1925 4112 ὀπάζει
1964 4056 2051 4111 Et.
2086 4055 2200 4126 Mg.
2236 4062 2354 4123 627,
2390 4061 2473 4111 27.
2523 4055 2708 4112 801101.

419 4127 456 4180 Ε
492 4134 611 4182 334.

558 4261 623 4313 A.
659 4279 708 4315 c.
778 4269 874 4317 231
901 4263 1247 4328 Πουλυδάμα
1271 4262 1650 4317 Aristarchus:
1688 4260 2005 4315 zenodotus
2027 4263 2089 4315 et
2110 4260 2447 4315 Chamaeleo
2481 4262 2707 4316 Πουλυ-

422 4327 620 4394 δάμαν.
654 4358 720 4368 -
757 4335 857 4383 246
892 4333 1044 4398 παρὰ
1078 4332 1371 4400 ζηνοδότῳ
1409 4333 1603 4399 νηυςὶν
1638 4330 1966 4417 ὑπαργείων
2000 4328 2345 4396 Didymae.
