3144 5006
481 397 608 460 322
1034 485 1044 498 .
1439 396 1769 451 ιΛιΑΔος
1826 398 1888 450 ψ.

651 552 869 629 ψυχὴν
917 551 1267 628 κικλήςκων
1310 550 1733 629 Πατροκλῆος
1781 551 2041 614 δειλοῖο.

653 652 744 716 ὡς
788 653 861 715 δὲ
904 653 1112 731 πατὴρ
1159 651 1237 716 οὗ
1283 654 1511 717 παιδὸς
1556 651 1852 730 ὀδύρεται
1896 650 2085 715 ὀςτέα
2129 651 2368 731 καίων,

655 754 973 837 νυμφίου,
1019 752 1094 818 ὅς
1138 774 1209 819 τε
1252 756 1471 820 θανὼν
1516 753 1771 819 δειλοὺς
1817 752 2090 832 ἀκάχηςε
2136 755 2406 836 τοκῆας,

651 855 741 919 ὣς
788 855 1069 935 Ἀχιλεὺς
1115 855 1374 933 ἑτάροιο
1420 855 1693 934 ὀδύρετο
1738 854 1928 920 ὀςτέα
1971 854 2201 939 καίων,

482 962 603 1019 225
650 956 944 1036 ἑρπύζων
989 957 1164 1035 παρὰ
1208 957 1554 1035 πυρκαϊὴν,
1603 956 1793 1023 ἁδινὰ
1838 956 2239 1034 ςτεναχίζων.

828 1058 989 1139 ἦμος
1034 1059 1091 1123 δ’
1135 1058 1474 1138 ἑωςφόρος
1520 1057 1637 1123 εἴςι
1681 1057 1868 1140 φόως
1912 1057 2115 1138 ἐρέων
2161 1058 2264 1121 ἐπὶ
2308 1062 2545 1143 γαῖαν,

647 1159 727 1225 ὅν
772 1181 842 1225 τε
885 1160 1041 1239 μέτα
1085 1160 1530 1240 κροκόπεπλος
1577 1161 1760 1240 ὑπεὶρ
1804 1159 1930 1225 ἅλα
1973 1161 2256 1224 κίδναται
2299 1160 2467 1243 ἠώς,

646 1265 845 1342 τῆμος
890 1264 1164 1341 πυρκαϊὴ
1210 1262 1620 1345 ἐμαραίνετο,
1664 1263 1952 1327 παύςατο
1998 1264 2069 1326 δὲ
2114 1260 2300 1341 φλόξ.

650 1363 712 1427 οί
754 1364 811 1426 δ’
855 1361 1079 1442 ἄνεμοι
1126 1364 1319 1429 πάλιν
1365 1364 1538 1429 αὖτις
1584 1363 1739 1444 ἔβαν
1786 1362 1970 1429 οἶκον
2015 1364 2087 1426 δὲ
2131 1364 2381 1427 νέεςθαι

480 1471 604 1529 230
650 1465 950 1544 Θρηίκιον
998 1466 1157 1530 κατὰ
1201 1466 1473 1531 πόντον·
1520 1464 1558 1528 ὃ
1607 1465 1663 1529 δ’
1708 1465 1961 1530 ἔςτενεν
2008 1464 2257 1545 οἴδματι
2301 1465 2503 1528 θύων.

644 1566 963 1646 Πηλείδης
1005 1567 1059 1631 δ’
1104 1566 1235 1631 ἀπὸ
1282 1572 1592 1647 πυρκαϊῆς
1636 1567 1905 1645 ἑτέρωςε
1952 1567 2221 1632 λιαςθεὶς

646 1668 864 1749 κλίνθη
911 1671 1225 1755 κεκμηώς,
1268 1670 1377 1735 ἐπὶ
1420 1671 1490 1734 δὲ
1534 1670 1769 1745 γλυκὺς
1815 1667 2019 1734 ὕπνος
2064 1668 2359 1748 ὄρουςεν.

650 1771 716 1834 οἳ
760 1771 817 1834 δ’
862 1769 1021 1852 ἀμφ’
1065 1772 1407 1851 Ἀτρείωνα
1450 1771 1720 1836 ἀολλέες
1764 1771 2189 1849 ἠγερέθοντο·

642 1877 773 1938 τῶν
819 1893 924 1952 μιν
971 1873 1426 1953 ἐπερχομένων
1472 1873 1714 1951 ὅμαδος
1759 1874 1861 1936 καὶ
1904 1876 2152 1936 δοῦπος
2197 1871 2462 1949 ἔγειρεν.

477 1979 598 2038 235
645 1974 824 2041 ἕζετο
870 1975 927 2039 δ’
971 1974 1277 2053 ὀρθωθεὶς
1321 1975 1420 2039 καί
1466 1995 1665 2054 ςφεας
1710 1974 1874 2052 πρὸς
1918 1978 2120 2053 μῦθον
2165 1973 2409 2037 ἔειπεν·

822 2076 1102 2156 Ἀτρείδη
1147 2097 1214 2140 τε
1259 2077 1359 2140 καὶ
1405 2076 1594 2140 ἄλλοι
1639 2075 1926 2154 ἀριςτῆες
1968 2076 2396 2156 Παναχαιῶν,

645 2183 907 2257 πρῶτον
953 2179 1069 2257 μὲν
1113 2179 1273 2242 κατὰ
1317 2179 1622 2256 κυρκαϊὴν
1669 2176 2167 2256 ςβέςατ”αἴθοπι
2214 2174 2376 2259 οἴνῳ

644 2283 885 2362 πᾶςαν,
932 2278 1213 2344 ὁπόςςον
1260 2279 1486 2357 ἐπέςχε
1530 2279 1737 2357 πυρὸς
1782 2279 2018 2358 μένος·
2056 2278 2258 2357 αὐτὰρ
2304 2277 2530 2343 ἔπειτα

645 2379 834 2445 ὀςτέα
877 2380 1284 2457 Πατρόκλοιο
1332 2381 1768 2447 Μενοιτιάδαο
1813 2380 2102 2459 λέγωμεν

476 2488 600 2546 240
646 2482 718 2547 εὖ
763 2482 1366 2559 διαγιγνώςκοντες·
1415 2482 1778 2563 ἀριφραδέα
1822 2482 1893 2547 δὲ
1934 2481 2252 2547 τέτυκται·

644 2586 715 2650 ἐν
761 2585 947 2669 μέςςῃ
992 2585 1115 2664 γὰρ
1162 2585 1365 2651 ἔκειτο
1411 2591 1614 2668 πυρῇ,
1660 2587 1761 2650 τοὶ
1803 2586 1859 2649 δ’
1904 2584 2091 2650 ἄλλοι
2136 2584 2406 2649 ἄνευθεν

643 2686 894 2769 ἐςχατιῇ
942 2687 1180 2751 καίοντ’
1224 2686 1459 2767 ἐπιμίξ,
1503 2687 1692 2751 ἵπποι
1735 2707 1804 2751 τε
1850 2687 1950 2751 καὶ
1995 2686 2243 2764 ἄνδρες.

643 2791 746 2853 καὶ
789 2790 870 2853 τὰ
913 2790 1028 2868 μὲν
1074 2788 1145 2852 ἐν
1190 2790 1420 2871 χρυςέῃ
1465 2789 1666 2873 φιάλῃ
1714 2790 1815 2852 καὶ
1859 2788 2113 2852 δίπλακι
2157 2793 2335 2870 δημῷ

616 2921 680 2980 V,
719 2940 769 2976 1..
841 2928 936 2975 221
984 2925 1327 2989 πατροκλοῖο
1371 2921 1435 2978 Ε.
1487 2952 1554 2962 -
1609 2928 1880 2977 222-228
1923 2923 2225 2975 maximam
2313 2922 2492 2975 artem
2538 2922 2776 2977 mutilos

472 2990 648 3044 habet.
683 2989 802 3058 Syr.
842 2994 905 3042 ut
945 2996 1224 3044 113-122.
1281 3018 1341 3027 -—
1399 2996 1498 3045 223
1546 2992 1692 3044 ὥςτε
1738 2989 1805 3043 D.
1854 2990 2016 3043 addit
2056 2988 2285 3043 Plutarc
2328 3005 2392 3042 us
2429 2988 2653 3044 Consol.
2692 2991 2770 3044 ad

475 3057 654 3128 Apoll,
693 3063 776 3111 30.
823 3060 1076 3137 ᾰῤῥητον
1118 3060 1179 3111 δὲ
1224 3063 1447 3114 τοκεθςι
1492 3061 1634 3123 γόον
1678 3063 1767 3112 καί
1819 3060 2029 3113 πένθος
2075 3059 2259 3123 ἔθηκε.
2316 3087 2376 3095 -
2434 3063 2534 3110 224
2579 3060 2660 3113 ὡς
2699 3062 2768 3113 Α.

470 3128 729 3192 ἀχιλλεὺς
765 3124 810 3178 Ε
845 3126 992 3194 Llps.
1031 3127 1265 3193 ὀδύρετο
1311 3128 1530 3194 ἑτάροιο
1568 3126 1625 3180 C.
1665 3156 1727 3164 —
1774 3133 1874 3180 225
1909 3128 2158 3194 ἑρπῖζων
2193 3122 2262 3179 Η.
2303 3140 2457 3191 παρα
2491 3127 2556 3178 A.
2603 3127 2773 3180 αδινά

474 3198 547 3247 A:
587 3193 762 3247 ceteri
809 3194 985 3247 ἀδινὰ.
1044 3195 1385 3259 ςτοναχίζων
1433 3192 1565 3248 CEL
1609 3194 1770 3248 Rom.
1818 3222 1884 3233 ——
1938 3200 2039 3248 226
2084 3194 2136 3244 δ’
2178 3194 2360 3247 omitt.
2407 3191 2592 3247 Schol.
2629 3196 2675 3248 Θ
2721 3202 2769 3249 1.

471 3263 763 3328 ἑωςφόρος
790 3260 867 3324 D,
903 3261 1034 3329 spir.
1074 3269 1121 3315 2.
1148 3278 1297 3319 man.
1326 3293 1385 3302 —-
1415 3269 1511 3315 227
1552 3264 1695 3327 μέτα
1720 3261 1901 3315 Schol.
1929 3262 1974 3315 Θ
2003 3268 2047 3314 1.
2077 3262 2106 3324 β
2137 3268 2179 3313 1.
2217 3262 2357 3323 μετὰ
2382 3258 2583 3314 ACEL.
2623 3279 2771 3327 μετα

471 3328 643 3383 DGH.
679 3331 954 3395 ὑπειράλα
979 3328 1043 3387 D.
1080 3331 1245 3396 ύπειρ
1283 3331 1345 3383 Α.
1383 3331 1613 3384 κίδνατο
1640 3329 1826 3383 Sohol.
1862 3331 1906 3383 Θ
1947 3337 1988 3383 l.
2027 3333 2057 3394 β
2083 3336 2131 3385 1.
2168 3357 2231 3367 -—
2270 3334 2369 3382 228
2406 3334 2652 3396 πυρκαϊὴ
2687 3328 2762 3383 D.

472 3433 690 3487 φΛοΞ·
725 3430 843 3500 syr.
870 3460 931 3470 —
972 3438 1071 3487 229
1106 3433 1263 3487 αὖθις
1301 3431 1405 3486 GE.
1442 3434 1605 3488 οῑκον
1641 3434 1703 3487 δὲ
1738 3435 1802 3485 A.
1840 3410 2148 3487 οικοΝΔὲ
2183 3429 2301 3500 syr.
2339 3432 2568 3486 οῑκονὸε
2606 3430 2766 3486 σοι..

473 3570 715 3622 νέεςθαι;
755 3566 1252 3622 {meroe-Barcen.
1286 3568 1423 3625 Mor.
1462 3600 1523 3607 -—
1562 3575 1663 3625 230
1689 3518 1841 3622 ιιιεῗιίῗιριίι
1865 3569 1933 3622 A.
1969 3569 2001 3621 ὃ
2037 3570 2087 3622 δ’
2113 3566 2177 3625 D.
2216 3568 2301 3621 ὅδ’
2338 3565 2548 3621 CGHL.
2587 3569 2766 3622 ἔςται-

470 3654 568 3691 νεν
605 3636 664 3689 L.
710 3638 888 3690 θύιων
931 3639 995 3693 A.
1044 3667 1105 3676 --
1154 3643 1250 3691 231
1298 3639 1411 3690 ἀπο
1456 3638 1522 3689 A.
1571 3639 1806 3705 ἑτέρωθι
1851 3637 2004 3689 Euat.
2056 3641 2201 3699 1296,
2239 3640 2330 3702 60,
2369 3633 2467 3688 sed
2509 3640 2654 3700 1296,
2692 3640 2760 3689 61

469 3706 722 3772 ἑτέρωςε.
760 3735 817 3743 -
845 3710 964 3758 ·232
999 3706 1090 3759 ἐπι
1128 3709 1190 3758 A.
1231 3707 1527 3770 κεκμηκὼς
1562 3703 1721 3758 Harl.
1757 3704 1896 3759 Mor.
1935 3703 2087 3761 Vrat.
2112 3704 2177 3755 A.
2214 3733 2280 3742 —
2315 3708 2416 3757 233
2451 3702 2559 3756 οἵδ’
2595 3701 2762 3756 GHL.

470 3802 531 3811 —-
570 3778 670 3826 234
707 3773 916 3835 ὅμαδος
954 3771 1016 3833 D.
1055 3789 1163 3826 acc.
1194 3774 1254 3825 et
1276 3774 1405 3840 spir.
1433 3778 1477 3825 2.
1516 3788 1667 3825 man.
1707 3774 1918 3828 δοῦπος
1960 3772 2181 3839 ὄρωρεν
2217 3768 2274 3825 C.
2312 3772 2545 3837 ἔγερθεν
2581 3773 2639 3825 et
2672 3788 2762 3838 γρ.

469 3842 683 3907 ἔγειρεν
719 3839 876 3894 Vrat.
914 3843 975 3898 A.
1014 3870 1079 3879 —
1126 3845 1225 3894 235
1262 3844 1351 3893 καὶ
1398 3842 1567 3906 ςφέας
1613 3839 1723 3897 HL.
1763 3870 1823 3879 —
1872 3845 1972 3894 236
2018 3841 2262 3907 ἀτρεῑδαι
2306 3836 2461 3894 Harl.
2500 3837 2668 3892 Mose.
2707 3846 2761 3891 2.

468 3908 613 3962 conf.
640 3914 757 3961 272.
783 3914 898 3962 658.
939 3911 982 3962 Α
1023 3916 1100 3965 17.
1143 3912 1183 3963 Η
1213 3914 1330 3961 327.
1369 3912 1484 3964 385.
1522 3909 1587 3961 τὲ
1623 3906 1691 3960 Η.
1729 3914 2058 4020 πιὲαχκαιῶν
2083 3910 2149 3960 A.
2178 3936 2242 3946 -—-
2278 3912 2377 3960 237
2415 3923 2559 3960 κατα
2593 3905 2764 3962 ACH.

469 4028 695 4093 ςφέςατ’
730 4026 797 4080 G.
834 4026 1045 4080 αἴθοπα
1081 4027 1245 4079 οἶνον
1283 4024 1350 4078 D.
1391 4056 1456 4065 —
1493 4032 1593 4082 239
1628 4028 1869 4092 λέγομεν
1905 4025 1973 4081 Η.
2011 4056 2076 4064 -
2123 4032 2223 4080 240
2258 4026 2759 4089 διαγιγνώςκοντες

466 4094 609 4147 AEL
646 4094 767 4162 Syr.
805 4096 1268 4159 διαγινώςκοντες
1306 4093 1520 4148 CDGH.
1558 4126 1624 4135 —
1661 4101 1756 4148 241
1796 4096 1849 4149 οἱ
1884 4098 1934 4147 δ’
1969 4093 2123 4147 Euat.
2163 4099 2310 4155 1294,
2336 4098 2386 4148 6.
2427 4123 2492 4131 -
2531 4098 2631 4146 242
2667 4095 2760 4148 ἐπί

469 4167 555 4227 μίξ
594 4162 658 4217 G.
694 4165 757 4216 τὲ
793 4165 882 4216 καί
921 4160 1080 4219 ACH.
1119 4164 1209 4215 καὶ
1246 4163 1425 4216 omitt.
1466 4160 1530 4217 G.

603 4288 665 4335 A.
692 4254 751 4333 —c.
821 4279 1195 4347 Aristarchus)
1233 4282 1525 4337 δεπάεςςιν
1562 4284 1778 4349 ἔκχεον.
1823 4285 1859 4339 Κ
1898 4289 1996 4337 579
2032 4284 2148 4339 ἀπὸ
2184 4285 2244 4336 δὲ
2283 4287 2560 4351 κρητῆρος
2598 4284 2759 4353 Ἀθὴ·

466 4365 537 4416 νῃ
576 4349 774 4402 πλείου
810 4349 1182 4416 ἀφυςςόμενοι
1222 4352 1429 4417 (οὕτως
1464 4351 1816 4420 ἀρίςταρχος)
1853 4355 2042 4419 λεῖβον
2079 4353 2342 4419 μελιηδέα
2377 4353 2555 4407 οἶνον.
