3144 5006
17 0 408 9 ——ffi-————-.—...-1.

443 410 565 476 194
1356 411 1689 467 ΙΛΙΑΔΟ(
1751 416 1806 470 C.

608 565 800 650 ἀφρῷ
846 565 1189 645 μορμύρων
1236 565 1383 646 ῥέεν
1426 564 1729 631 ἀεπετοε·
1774 564 1929 630 οὐδέ
1970 584 2066 629 τι(
2110 563 2310 631 ἄλλο(

607 669 796 751 ᾔδεεν
840 667 992 733 οὔτε
1037 672 1207 734 θεῶν
1253 667 1403 733 οὔτε
1447 670 1702 746 θνητῶν
1748 667 2149 751 ἀνθρώπων,

441 773 563 834 405
612 770 780 834 ἀλλὰ
824 770 1007 836 Θέτι(
1050 791 1120 835 τε
1163 771 1264 835 καὶ
1308 769 1640 857 Εὐρυγόμη
1685 768 1862 852 ἴεαν,
1907 769 1975 834 αἵ
2016 789 2093 850 με
2138 768 2406 834 εάωεαν.

609 872 647 949 ἣ
695 875 815 937 νῦν
860 872 1170 953 ἡμέτερον
1215 872 1418 951 δόμον
1460 870 1611 937 ἵκει·
1657 876 1750 936 τῶ
1794 892 1868 949 με
1913 873 2084 950 μάλα
2126 873 2297 951 χρεὼ

608 974 822 1039 πάντα
865 974 1015 1039 Θέτι
1058 973 1555 1057 καλλιπλοκάμῳ
1601 975 1887 1057 Ζῳάγρια
1929 974 2146 1039 τίνειν.

611 1075 778 1140 ἀλλὰ
823 1076 896 1141 εὐ
939 1077 1053 1153 μὲν
1097 1079 1217 1141 νῦν
1263 1074 1325 1139 οἱ
1366 1075 1651 1154 παράθες
1693 1075 1932 1154 ξεινήια
1975 1076 2165 1152 καλά,

612 1177 766 1259 ὄφρ’
810 1177 891 1243 ἂν
935 1176 1066 1254 ἐγὼ
1111 1177 1318 1257 φύεαε
1363 1176 1744 1256 ἀποθείομαι
1788 1177 1962 1243 ὅπλά
2004 1197 2073 1242 τε
2117 1176 2346 1242 πάντα.

439 1285 567 1343 410
778 1278 850 1362 ἦ,
896 1280 997 1344 καὶ
1041 1279 1151 1344 ἀπ’
1194 1279 1575 1358 ἀκμοθέτοιο
1619 1281 1839 1358 πέλωρ
1883 1278 2109 1359 αἴητον
2153 1278 2379 1356 ἀνέετη

615 1380 955 1461 χωλεύων·
1003 1381 1133 1446 ὑπὸ
1179 1382 1251 1445 δὲ
1294 1385 1520 1460 κνῆμαι
1565 1381 1821 1462 ῥώοντο
1867 1380 2097 1460 ἀραιαί.
2353 1428 2358 1434 -

611 1482 818 1565 φύεαε
864 1483 979 1563 μέν
1025 1483 1081 1562 ῤ’
1125 1482 1447 1549 ἀπάνευθε
1490 1484 1645 1549 τίθει
1689 1484 1926 1565 πυρόε,
1971 1482 2145 1548 ὅπλά
2186 1501 2255 1547 τε
2301 1481 2514 1548 πάντα

612 1584 873 1664 λάρνακ’
917 1585 983 1650 {c
1027 1586 1344 1665 ἀργυρέην
1390 1586 1766 1655 ευλλέξατο,
1810 1586 1943 1650 τοῖς
1989 1584 2318 1650 ἐπονεῖτο·

613 1687 874 1770 επόγγῳ
919 1688 978 1753 δ’
1020 1687 1186 1768 ἀμφὶ
1228 1687 1545 1766 πρόεωπα
1589 1688 1690 1753 καὶ
1732 1685 1930 1767 ἄμφω
1974 1685 2134 1765 χεῖρ’
2175 1685 2559 1765 ἀπομόργνυ

443 1794 569 1852 415
614 1789 857 1868 αὐχένα
898 1809 968 1855 τε
1013 1788 1307 1870 ετιβαρὸν
1351 1790 1454 1853 καὶ
1497 1790 1728 1868 (τήθεα
1773 1789 2165 1869 λαχνήεντα,

612 1895 692 1956 δῦ
736 1893 808 1956 δὲ
853 1891 1086 1972 χιτῶν’,
1132 1891 1238 1955 ἕλε
1286 1893 1357 1955 δὲ
1402 1895 1721 1971 εκῆπτρον
1766 1891 1971 1974 παχύ,
2017 1894 2094 1970 βῆ
2138 1891 2212 1954 δὲ
2254 1889 2486 1969 θύραζε

613 1993 953 2074 χωλεύων·
999 1994 1128 2059 ὑπὸ
1174 1993 1230 2058 δ’
1274 1993 1636 2074 ἀμφίπολοι
1682 1991 1938 2070 ῥώοντο
1982 1991 2203 2059 ἄνακτι

615 2096 927 2177 χρύεειαι,
972 2100 1166 2180 ζωῇει
1208 2095 1485 2173 νεήνιειν
1533 2093 1835 2160 εἰοικυῖαι.

612 2205 728 2282 τῇ(
771 2197 842 2264 ἐν
885 2200 1000 2276 μὲν
1044 2198 1203 2263 νόοε
1247 2195 1370 2261 έετὶ
1413 2197 1570 2276 μετὰ
1614 2196 1870 2278 φρεείν,
1917 2194 1987 2260 ἐν
2036 2195 2109 2260 δὲ
2152 2196 2257 2259 καὶ
2300 2193 2461 2274 αὐδὴ

452 2306 581 2365 420
625 2302 729 2365 καὶ
772 2299 1026 2381 εθένοε,
1072 2298 1414 2364 ἀθανάτων
1462 2300 1533 2363 δὲ
1577 2302 1745 2364 θεῶν
1791 2295 1922 2361 ἄπο
1967 2297 2126 2376 ἔργα
2168 2295 2384 2363 ἰἐαειν.

581 2570 653 2625 V.
691 2588 740 2624 1..
810 2575 909 2624 403
946 2568 1126 2623 omitt.
1153 2567 1203 2621 D
1238 2568 1297 2622 iu
1321 2570 1501 2634 textu,
1536 2568 1714 2622 habet
1747 2568 1805 2621 in
1841 2583 2018 2636 marg.
2041 2583 2189 2622 man.
2230 2580 2341 2622 rec.
2367 2596 2433 2605 —
2467 2573 2569 2621 405
2602 2570 2739 2622 {cuv

346 2692 356 2700 ,
446 2639 492 2692 Ε
541 2645 695 2702 1149,
749 2642 814 2691 32
858 2634 907 2692 G
952 2635 1100 2696 Flor.
1135 2635 1294 2691 Rom.
1388 2653 1489 2691 εαν
1533 2634 1598 2690 S:
1654 2635 1830 2690 ceteri
1882 2636 2022 2690 ἵεαν.
2087 2635 2144 2700 μ’
2187 2630 2436 2689 ὲεάωεαν
2478 2634 2623 2689 libri.
2669 2666 2735 2675 —

445 2708 616 2774 4064}
665 2703 978 2760 AODGHL.
1022 2705 1129 2760 ἵκει
1172 2703 1371 2760 ACDG
1470 2704 1701 2759 Barocc.
1750 2702 1900 2773 Lips.
1944 2701 2103 2757 Vrat.
2139 2703 2194 2759 b.
2230 2701 2283 2757 d.
2327 2701 2516 2772 Frgm.
2561 2701 2736 2758 Mose.

447 2779 577 2897 ἰὶῗ
615 2772 701 2880 32³
715 2771 1471 2896 ὥὲἀὸιξῗῗῡῖῶ-Αῗέἓῌᾶ·
1493 2771 1730 2900 affl:
1766 2768 2310 2905 ffissfflzzff.
2396 2853 2459 2891 a.
2483 2770 2737 2896 ,Ε-Ηὲὂὲς

448 2914 659 2979 φύεεαε
693 2909 791 2962 HL
826 2909 971 2966 cons.
1007 2915 1124 2965 372.
1159 2915 1277 2967 412.
1314 2914 1433 2997 463.
1469 2915 1588 2967 470.
1625 2908 1778 2963 ὅπλά
1811 2924 1875 2961 τε
1911 2905 1982 2960 Η.
2017 2908 2167 2961 ὅπλα
2200 2908 2265 2961 τὲ
2291 2904 2349 2960 C.
2386 2935 2450 2944 —
2486 2912 2582 2959 411
2621 2907 2736 2961 ὑπο

449 3010 620 3066 ADH.
656 3012 900 3079 ῥώωντο
934 3010 993 3070 L.
1040 3012 1226 3079 ἀραιαί
1258 3013 1326 3068 Δ.
1371 3011 1554 3078 ἁραιαί
1602 3009 1660 3064 C.
1706 3009 1882 3063 ceteri
1925 3008 2111 3075 ἀραιαί
2154 3024 2282 3061 cum
2326 3007 2517 3077 Apoll.
2564 3006 2735 3076 Soph.

454 3086 565 3141 139,
603 3085 685 3137 29.
725 3078 967 3148 Hesych.
1005 3080 1045 3139 Ι.
1081 3084 1198 3134 269.
1241 3078 1313 3138 ΙΙ,
1350 3085 1467 3134 497.
1510 3107 1579 3118 —-
1625 3083 1724 3131 412
1760 3077 1972 3145 φύεεαε
2009 3073 2123 3131 HL.
2168 3076 2318 3129 ὅπλά
2339 3093 2416 3130 τε
2463 3073 2551 3130 CE
2590 3082 2737 3137 1150,

452 3155 536 3206 50.
561 3177 627 3187 -
663 3154 764 3202 413
800 3147 878 3201 εἰ(
905 3146 967 3206 Ε.
1006 3148 1373 3202 ευνελλέξατο
1398 3146 1466 3200 Η.
1493 3177 1553 3185 -
1582 3151 1683 3199 414
1707 3146 1849 3213 ἀμφι
1872 3142 2035 3201 ACD.
2070 3145 2381 3210 πρόςωπον
2416 3144 2486 3198 ἰδ’
2506 3143 2737 3197 Baroco.

450 3235 492 3271 π
528 3217 760 3270 όεωπον
807 3213 961 3270 vrat.
1007 3218 1071 3268 A.
1122 3216 1452 3282 ἀπομόργνυ
1490 3212 1769 3268 ADEGH:
1820 3213 2147 3279 ἀπεμόργνυ
2194 3209 2319 3265 CLS
2355 3209 2504 3280 Lips.
2550 3210 2739 3281 Frgm.

512 3299 621 3337 osc.
661 3282 843 3336 Cram.
887 3281 991 3352 Ep.
1042 3289 1161 3347 440,
1206 3291 1290 3341 31.
1338 3282 1480 3336 conf.
1520 3299 1554 3350 ρ
1591 3287 1708 3340 304.
1753 3310 1819 3321 -
1865 3287 1967 3333 415
2014 3280 2224 3344 αὐχένά
2257 3295 2321 3332 τε
2358 3278 2418 3335 C.
2467 3281 2530 3333 τὲ
2565 3278 2630 3333 Η.
2670 3310 2738 3318 ——

449 3358 548 3406 417
586 3352 699 3404 ὑπο
740 3348 906 3404 AHL.
955 3381 1019 3391 ·-
1065 3356 1164 3405 418
1207 3354 1415 3419 Ζωιῆιει
1459 3353 1525 3403 Α.
1568 3351 1671 3417 νεή
1748 3366 1831 3404 ειν
1867 3347 1931 3405 D.
1987 3349 2230 3401 vedvtcw
2279 3346 2462 3401 Schol.
2499 3346 2734 3401 Theoor.

451 3420 493 3478 1.
530 3426 611 3477 36.
650 3418 898 3473 εἰοικυῖαι
934 3417 1075 3473 ACL
1110 3418 1202 3473 Et.
1240 3417 1352 3488 Mg.
1391 3424 1511 3484 350,
1547 3424 1631 3470 57.
1671 3416 1742 3470 Sc
1783 3416 1855 3472 ol.
1892 3415 2125 3470 Theocr.
2163 3414 2205 3482 Ι,
2243 3420 2323 3469 36.
2373 3416 2603 3470 ἐοικυῖαι
2638 3412 2738 3468 DE

453 3486 573 3541 GH.
609 3487 725 3553 ἔργ’
760 3485 959 3540 εἰκυῖαι
995 3485 1177 3539 Schol.
1212 3485 1372 3540 Pind.
1400 3485 1484 3540 Ol.
1513 3485 1637 3553 Vll,
1673 3491 1756 3542 95.
1797 3515 1859 3525 —
1893 3490 1993 3539 419
2030 3483 2180 3539 ἐςτίν
2215 3485 2295 3538 ἑνὶ
2322 3482 2478 3543 Vrat.
2515 3483 2569 3538 b.
2596 3499 2738 3549 μετα

453 3555 516 3614 D.
555 3586 619 3593 —-
653 3560 755 3608 420
790 3556 904 3608 ἀπὸ
942 3553 1104 3608 GHL.
1137 3555 1392 3623 ἀποέργα
1427 3553 1494 3608 D.

589 3813 654 3870 A,
691 3829 737 3864 c.
805 3816 906 3864 404
940 3810 1126 3864 οὕτω(
1173 3811 1355 3879 ᾔδεεν.
1392 3826 1481 3876 γρ.
1518 3809 1581 3862 δὲ
1628 3810 1716 3863 καὶ
1754 3809 1908 3877 ᾔδειν
1955 3805 2303 3874 Didymus.
2352 3837 2415 3845 -—
2462 3811 2562 3860 407
2599 3806 2740 3873 μετὰ

453 3886 558 3936 τοῦ
598 3886 634 3934 ἰ’
667 3881 738 3933 τὸ
782 3879 1026 3948 ζῳάγρια
1073 3880 1104 3932 ὁ
1150 3878 1376 3945 ἀρίεταρ
1413 3894 1475 3932 οε
1522 3875 1873 3944 Didymus,
1927 3875 2069 3931 conf.
2125 3874 2193 3928 H.
2243 3873 2310 3931 U.
2356 3879 2472 3927 215.
2518 3903 2584 3913 -
2638 3878 2740 3927 410

456 3950 658 4017 αἴητον
704 3945 1057 4000 Herodianus
1101 3962 1226 3999 cum
1272 3944 1380 3998 Pto
1407 3961 1513 4002 em.
1560 3943 1909 4006 Ascalonita,
1956 3960 1999 3997 π
2036 3943 2489 4011 οπαροξυτόνωε.
2528 3971 2588 3980 -
2639 3947 2734 3993 411

455 4018 750 4072 δαεύνεται
783 4017 853 4069 τὸ
890 4015 1101 4081 ἀραιαί,
1138 4013 1223 4067 ita
1245 4012 1628 4077 Aristarchus,
1664 4012 1809 4066 conf.
1846 4008 2029 4067 Scho,
2067 4011 2103 4064 Ε
2135 4016 2255 4064 425.
2289 4040 2352 4050 -
2391 4015 2492 4063 418
2528 4011 2741 4064 ἐοικυῖα

457 4087 547 4139 καὶ
585 4088 924 4151 πλεοναεμῷ
959 4088 1062 4136 τοῦ
1099 4087 1133 4136 ῖ
1170 4082 1378 4136 ἰλιάδοε
1424 4078 1470 4136 c‘
1503 4081 1595 4135 Et.
1640 4080 1755 4150 Mg.
1795 4084 1910 4143 350,
1947 4084 2029 4132 57.
2080 4079 2334 4134 εἰοικυῖαι
2366 4076 2573 4130 similes
2609 4078 2744 4130 sunt

455 4153 670 4206 formae
706 4151 841 4205 οἴιε(
877 4166 980 4220 pro
1017 4152 1190 4217 όΡιεε,
1226 4149 1413 4217 οἰὲτηε
1439 4151 1626 4204 ὁλοιόε
1661 4163 1764 4219 pro
1800 4149 1999 4214 ὁΡέτη(
2033 4148 2251 4203 ὁλοΐόε.
2289 4146 2501 4200 ἐοικυῖα
2533 4144 2593 4197 in
2629 4143 2742 4197 fine

457 4237 650 4274 versus
685 4219 752 4283 (Θ
789 4222 911 4283 305)
946 4217 1147 4273 laudat
1182 4216 1504 4272 Athenaeus
1526 4215 1674 4283 XIV,
1712 4222 1810 4272 632
1847 4217 1908 4268 et
1931 4214 2068 4268 ferri
2091 4215 2306 4282 potest,
2343 4214 2411 4266 ut
2442 4213 2743 4267 ἀπόειπών

457 4290 502 4341 Τ
539 4294 621 4341 35.
658 4288 947 4353 ἀπόέρεειε
984 4287 1034 4340 Φ
1071 4292 1187 4343 329.
1223 4288 1331 4353 ἄρᾶ
1366 4287 1413 4338 ὧ
1454 4287 1492 4339 Ρ
1520 4292 1637 4341 196.
1674 4284 1954 4351 θυγατέρᾶ
1989 4287 2063 4350 ἥν
2096 4282 2134 4336 Ε
2159 4288 2276 4337 371.
2310 4281 2358 4335 Ζ
2399 4285 2510 4334 192.
2548 4282 2592 4335 Λ
2618 4285 2737 4334 226.

458 4356 760 4422 εμερδαλέᾶ
796 4354 974 4420 ἰάχων
1011 4355 1049 4409 Ε
1085 4360 1201 4407 302.
1237 4356 1344 4420 ἀρᾶ
1381 4339 1548 4422 ἔρξαν
1584 4352 1611 4409 ξ
1646 4360 1765 4407 411.
