3144 5006
1308 415 1637 470 ιΛιΑΔος
1685 414 1779 467 VI.
2561 410 2673 475 171
2782 392 2791 397 ’

563 570 651 635 ὣς
697 569 954 649 ἀνδρῶν
999 570 1188 648 γενεὴ
1234 570 1272 648 ἣ
1317 569 1433 648 μὲν
1479 568 1663 649 φύει,
1709 569 1746 648 ἣ
1791 569 1848 633 δ’
1891 567 2227 648 ἀπολήγει.

399 678 521 738 150
564 672 619 738 εἰ
660 673 717 738 δ’
762 671 1027 749 ἐθέλεις,
1073 672 1177 737 καὶ
1218 673 1418 734 ταῦτα
1461 670 1796 767 δαήμεναι,
1843 668 1997 751 ὄφρ’
2041 668 2114 735 εὖ
2158 668 2330 753 εἰδῇς

563 775 873 856 ἡμετέρην
915 775 1177 853 γενεήν,
1223 773 1460 837 πολλοὶ
1502 773 1574 837 δέ
1618 760 1722 850 μιν
1768 772 1998 852 ἄνδρες
2039 770 2272 837 ἴςαςιν·

563 877 690 943 ἔςτι
734 875 920 940 πόλις
965 876 1203 957 Ἐφύρη
1248 880 1428 958 μυχῷ
1471 874 1741 953 ’Άργεος
1783 873 2199 955 ἱπποβότοιο,

568 978 722 1044 ἔνθα
765 979 837 1043 δὲ
882 977 1153 1059 (ίςυφος
1198 975 1413 1054 ἔςκεν,
1459 975 1497 1040 ὃ
1542 975 1864 1055 κέρδιςτος
1906 975 2122 1051 γένετ’
2165 972 2455 1052 ἀνδρῶν,

565 1080 840 1160 (ίςυφος
881 1078 1203 1156 Αἰολίδης·
1251 1078 1290 1143 ὃ
1335 1078 1392 1143 δ’
1435 1076 1561 1157 ἄρα
1608 1079 1887 1143 Γλαῦκον
1931 1076 2129 1141 τέκεθ’
2173 1074 2333 1153 υἱόν,

399 1187 518 1246 155
563 1181 767 1261 αὐτὰρ
815 1183 1091 1246 Γλαῦκος
1137 1179 1374 1245 ἔτικτεν
1420 1178 1716 1259 ἀμύμονα
1760 1177 2323 1258 Βελλεροφόντην·

564 1289 656 1366 τῷ
701 1283 773 1347 δὲ
815 1283 952 1348 θεοὶ
995 1280 1234 1346 κάλλός
1276 1301 1347 1346 τε
1392 1283 1494 1346 καὶ
1535 1282 1815 1361 ἠνορέην
1862 1279 2191 1360 ἐρατεινὴν

568 1385 851 1450 ὤπαςαν.
939 1383 1143 1462 αὐτάρ
1188 1382 1250 1448 οἱ
1292 1383 1576 1463 Προῖτος
1621 1384 1780 1448 κακὰ
1822 1382 2060 1461 μήςατο
2105 1376 2282 1463 θυμῷ
2297 1430 2315 1463 ,

566 1484 641 1550 ὅς
686 1486 744 1566 ῥ’
788 1485 857 1551 ἐκ
901 1486 1106 1565 δήμου
1151 1484 1440 1561 ἔλαςςεν,
1487 1485 1628 1549 ἐπεὶ
1670 1485 1840 1549 πολὺ
1885 1485 2201 1564 φέρτερος
2245 1482 2391 1564 ἦεν,
2434 1570 2441 1577 ·

569 1587 900 1666 Ἀργείων·
945 1587 1110 1652 Ζεὺς
1153 1587 1278 1666 γάρ
1324 1586 1386 1652 οἱ
1428 1585 1558 1651 ὑπὸ
1606 1586 1901 1669 ςκήπτρψ
1947 1584 2271 1665 ἐδάμαςςε.

399 1696 526 1754 160
566 1695 659 1773 τῷ
706 1691 778 1754 δὲ
820 1690 981 1768 γυνὴ
1025 1687 1314 1767 Προίτου
1359 1689 1752 1768 ἐπεμήνατο,
1797 1687 1891 1752 δῖ’
1932 1687 2221 1768 Ἄντεια,

569 1776 914 1874 κρυπταδίῃ
959 1789 1253 1871 φιλότητι
1296 1790 1655 1869 μιγήμεναι·
1701 1787 1866 1854 ἀλλὰ
1908 1790 2025 1854 τὸν
2072 1787 2152 1852 οὔ
2194 1809 2254 1853 τι
2375 1834 2381 1839 -

568 1892 734 1957 πεῖθ’
777 1890 988 1967 ἀγαθὰ
1032 1891 1437 1974 φρονέοντα,
1483 1891 1812 1971 δαῖφρονα
1856 1890 2410 1972 Βελλεροφόντην.

569 1996 608 2072 ἦ
653 1993 725 2058 δὲ
768 1994 1133 2073 ψευςαμένη
1177 1994 1464 2072 Προῖτον
1513 1995 1778 2073 βαςιλῆα
1820 1993 2178 2072 προςηύδα·

569 2095 859 2174 τεθναίης
904 2094 957 2158 ὦ
1003 2094 1262 2174 Προῖτ’,
1309 2095 1347 2173 ἢ
1393 2093 1669 2160 κάκτανε
1715 2095 2275 2175 Βελλεροφόντην,

399 2201 523 2261 165
570 2195 643 2262 ὅς
687 2197 748 2277 μ’
792 2198 1013 2264 ἔθελεν
1058 2196 1353 2277 φιλότητι
1398 2197 1734 2277 μιγήμεναι
1779 2196 1898 2262 οὐκ
1941 2195 2265 2281 ἑθελούςῃ.

572 2299 661 2363 ὣς
707 2297 911 2380 φάτο,
955 2299 1072 2365 τὸν
1119 2298 1190 2363 δὲ
1234 2297 1475 2364 ἄνακτα
1518 2298 1718 2378 χόλος
1763 2297 1988 2380 λάβεν,
2036 2296 2180 2364 οῐον
2226 2297 2484 2363 ἄκουςε·

537 2533 604 2587 V.
641 2554 693 2592 ι..
749 2541 845 2589 119
880 2533 915 2602 ἣ
956 2535 1057 2601 μὲν
1093 2533 1151 2589 C.
1195 2536 1231 2601 ἡ
1271 2536 1375 2602 μὲν
1410 2533 1824 2590 ADGHLMNO
1862 2535 2047 2604 Apoll.
2091 2535 2224 2591 Lex.
2264 2541 2356 2600 54,
2397 2541 2443 2588 7.
2480 2533 2681 2587 Euseb.

397 2602 601 2671 Praep.
634 2601 738 2658 Ev.
775 2599 897 2668 XV,
936 2609 989 2668 4,
1029 2609 1114 2657 13:
1154 2603 1293 2670 ἠμὲν
1328 2602 1413 2657 ES
1450 2602 1609 2658 Cant.
1634 2604 1782 2673 Lips.
1817 2603 1903 2657 Et.
1932 2603 1990 2656 M
2034 2645 2047 2657 .
2082 2610 2200 2667 803,
2235 2610 2319 2660 29.
2355 2603 2392 2669 ἣ
2429 2603 2481 2655 δ’
2502 2601 2682 2654 ΜΝΟ.

393 2673 432 2735 ἡ
472 2671 523 2723 δ’
557 2667 765 2723 ADGH
801 2670 983 2739 Apoll.
1020 2669 1150 2724 Lox.
1186 2677 1268 2736 54,
1306 2678 1350 2725 7.
1392 2670 1594 2725 Eueob.
1630 2671 1829 2741 Praep.
1869 2671 1970 2724 Ev.
2061 2671 2129 2736 V,
2168 2678 2216 2736 4,
2258 2677 2346 2723 13:
2386 2672 2474 2737 ἠδ’
2510 2668 2682 2724 CELS

395 2737 559 2796 Cant.
596 2736 660 2790 Li
701 2755 743 2792 s.
779 2737 867 2792 Et.
904 2737 963 2790 M
1008 2780 1017 2790 .
1056 2744 1173 2803 803,
1210 2745 1292 2793 29.
1331 2769 1396 2778 —-
1439 2746 1532 2793 150
1564 2741 1628 2794 δέ
1663 2741 1843 2794 θέλεις
1877 2738 1944 2792 N.
1982 2740 2218 2805 ἐθέλεις,
2255 2740 2347 2791 καὶ
2383 2740 2448 2792 Α.
2483 2766 2551 2778 —-
2590 2744 2685 2791 153

396 2806 598 2860 ἐνθάδε
679 2803 937 2859 GLMNO
964 2755 1145 2859 fichol.
1173 2807 1210 2860 Κ
1237 2812 1319 2863 44.
1358 2809 1492 2860 ἔνθα
1518 2809 1609 2860 καί
1637 2807 1691 2864 S.
1731 2809 1792 2861 δι
1830 2807 1894 2861 ὃς
1930 2805 2134 2860 LMNO
2159 2805 2344 2875 Apoll.
2368 2804 2498 2860 Lex.
2526 2811 2608 2870 98,
2634 2812 2683 2858 2.

395 2902 465 2912 -
505 2878 602 2927 154
637 2873 671 2926 δ
706 2875 757 2926 δ’
791 2871 1070 2926 DLMNO.
1105 2875 1191 2928 ὅδ’
1214 2872 1324 2928 OG.
1360 2876 1524 2929 τέκεν
1559 2874 1618 2927 Μ
1645 2875 1794 2929 Harl.
1819 2874 1989 2930 Mose.
2016 2881 2063 2931 3.
2100 2902 2168 2914 —-
2209 2878 2302 2927 155
2338 2874 2518 2940 αὐτὰρ
2554 2874 2587 2926 ὃ
2617 2872 2683 2930 D.

398 2943 623 3009 ἔτικτεν
656 2940 789 2994 libri
824 2953 1034 2994 omnes.
1098 2943 1260 3007 βελλε
1298 2944 1551 3064 εφιέοᾶἓῖν
1587 2942 1685 2996 LS.
1723 2972 1788 2981 ——
1832 2949 1924 2997 156
1959 2943 2108 3009 τῷδε
2146 2939 2213 3000 G.
2268 2942 2473 2995 κάλλός
2516 2956 2580 2993 τε
2618 2940 2681 2996 Α.

395 3039 462 3048 -
501 3014 599 3063 157
635 3009 763 3063 κάκ’
795 3009 1038 3077 έμήςατο
1061 3010 1260 3078 Α(κὰκ’
1288 3008 1380 3064 CD
1537 3009 1785 3064 LMNOS
1822 3010 1882 3063 et
1904 3008 2110 3078 Hoynii
2144 3007 2293 3064 libri.
2330 3039 2396 3047 —
2434 3013 2530 3062 158
2564 3009 2685 3062 ἔλα-

396 3126 493 3164 ςεν
539 3106 588 3162 G
637 3115 682 3166 1.
726 3124 874 3162 man.
918 3107 977 3163 L.
1023 3085 1313 3178 φέρτέιρτιῗςε
1349 3111 1414 3162 A.
1467 3140 1526 3150 —
1566 3116 1662 3165 159
1697 3112 1804 3179 γάρ
1847 3112 1903 3166 οἱ
1938 3107 2303 3165 ACDGHMN
2338 3114 2386 3162 2.
2434 3125 2581 3166 man.
2618 3107 2681 3161 S:

393 3178 505 3245 γάρ
541 3194 632 3243 μιν
678 3174 828 3230 ALN
866 3183 911 3235 1.
960 3192 1108 3231 man.
1146 3177 1190 3232 Ο
1227 3178 1386 3232 Vrat.
1433 3194 1483 3236 a.
1520 3177 1690 3236 Mose.
1731 3185 1775 3232 1.
1814 3196 1899 3246 γρ.
1943 3180 2069 3233 ζεὺς
2115 3179 2222 3246 γάρ
2267 3177 2321 3232 ol
2356 3179 2419 3230 A.
2455 3194 2540 3245 γρ.
2578 3178 2684 3244 γάρ

393 3246 451 3300 οἱ
488 3244 553 3298 Ο.
589 3261 676 3312 γρ.
712 3262 804 3311 μιν
840 3242 881 3298 C
918 3260 1065 3297 man.
1101 3261 1210 3299 rec.
1246 3248 1361 3301 ὑπο
1398 3245 1463 3300 D.
1502 3246 1770 3313 ἐδάμαςςε
1805 3247 1915 3301 AC.
1951 3247 2221 3310 ἑδάμαςεν
2243 3245 2305 3299 Ε.
2343 3262 2409 3299 τε
2448 3247 2685 3310 δάμαςςε

397 3312 559 3366 Vrat.
606 3328 655 3369 a.
703 3340 768 3351 —-
817 3318 915 3366 160
958 3313 1284 3382 ἐπεμήνατο
1321 3313 1417 3367 CH
1460 3313 1614 3371 Euat.
1663 3320 1809 3378 1809,
1847 3321 1896 3369 8.
1949 3316 2037 3373 δῖα
2074 3313 2185 3369 GL.
2236 3315 2482 3368 διάντεια
2516 3312 2584 3368 H.
2619 3343 2685 3352 —

400 3386 494 3434 161
537 3397 594 3445 μι
670 3397 760 3434 ναι
797 3378 862 3434 G.
898 3383 1003 3433 τὸν
1039 3381 1198 3435 οὔτοι
1233 3380 1567 3436 Plutarchus
1604 3381 1675 3436 do
1712 3382 1857 3436 Aud.
1891 3384 2040 3451 posst.
2081 3389 2157 3438 11.
2199 3412 2259 3421 —
2303 3387 2395 3435 162
2434 3385 2686 3449 βελλερε-

396 3449 626 3516 φόντην
706 3446 761 3502 S.
796 3477 861 3486 —-
901 3453 997 3502 163
1041 3449 1077 3515 ἣ
1123 3451 1184 3503 δὲ
1219 3448 1278 3504 C.
1322 3451 1610 3518 προςηῠδα
1643 3449 1712 3504 D.
1758 3481 1822 3489 -
1862 3454 1956 3504 164
1994 3451 2449 3518 βελλερεφόντην
2484 3449 2582 3503 LS.
2620 3480 2685 3488 —

405 3572 503 3620 165
539 3527 694 3632 μῳΑ.
731 3569 890 3621 ἔθελε
924 3562 1122 3620 DEGO
1160 3566 1308 3636 Lips.
1343 3570 1491 3622 ἔθελ’
1524 3569 1588 3622 ἐν
1609 3566 1764 3621 M'NS
1788 3567 1948 3622 Vrat.
1972 3570 2038 3634 A,
2075 3569 2218 3622 conf.
2245 3567 2427 3624 Cram.
2453 3569 2558 3621 An.
2583 3567 2685 3624 Ox.

399 3633 498 3700 IV,
536 3639 654 3702 316,
690 3640 773 3691 23.
812 3664 874 3674 -
921 3638 1017 3688 166
1050 3636 1157 3689 τὸν
1201 3637 1286 3690 δὲι
1324 3640 1429 3690 τὸν
1474 3637 1525 3689 δ’
1567 3635 1637 3690 D.
1682 3638 1839 3691 τόνδ’
1876 3635 1940 3690 G.
1989 3638 2190 3692 ἄκουςε
2226 3634 2584 3691 ACEGHLO.
2619 3664 2684 3674 -

405 3785 468 3790 --
477 3784 502 3789 -
515 3783 700 3790 w--v—
713 3784 806 3791 .—-—.

533 3871 596 3923 A.
638 3889 685 3926 c.
751 3878 843 3925 149
878 3873 915 3939 ἣ
952 3874 1053 3939 μὲν
1076 3908 1142 3917 -
1167 3873 1203 3939 ἣ
1230 3874 1305 3926 δί
1329 3873 1529 3927 Alexio
1565 3875 1707 3940 ἠμὲν
1732 3902 1796 3912 -
1824 3874 1929 3940 ἠδ’.
1971 3903 2029 3911 --
2076 3879 2169 3926 150
2203 3873 2573 3927 ὑποςτικτέον
2608 3873 2686 3927 εἰς

393 3940 470 3992 τὸ
506 3940 741 4005 ἐθέλεις,
775 3940 871 3994 ἵνα
907 3944 940 4007 ᾖ
977 3941 1047 4006 τό
1082 3941 1353 4006 δαήμεναι
1387 3942 1515 3995 ἀντὶ
1552 3945 1966 4008 προςτακτικοῠ
2010 3945 2115 3994 τοῦ
2161 3941 2324 4007 δάηθι
2359 3939 2683 4004 Nicanor,

393 4005 545 4063 conf.
581 4005 654 4060 ad
690 4008 741 4060 Φ
775 4013 893 4062 487.
940 4008 1090 4077 εἰδῇς
1129 4010 1486 4076 Ἀρίςταρχος
1533 4015 1773 4078 περιςπᾷ
1808 4007 2260 4062 Herodianus.
2308 4037 2375 4047 —
2414 4013 2509 4062 155
2544 4009 2686 4062 ἔτικ-

393 4091 524 4129 τενε
565 4073 739 4129 ίακῶς
772 4076 844 4129 τὸ
878 4075 1070 4131 τίκτεν
1095 4077 1421 4145 ἀρίςταρχος
1447 4075 1793 4144 Didymae.
1840 4076 2336 4143 Βελλεροφόντηντ
2376 4077 2466 4128 καί
2492 4078 2525 4130 ό
2555 4077 2685 4130 Βελ-

394 4143 756 4210 λεροφόντης
791 4144 882 4210 δέ,
917 4160 1112 4210 φαςιν,
1153 4145 1308 4199 Ἐλλε
1345 4147 1601 4212 οφόντης
1638 4147 1699 4198 έν
1745 4149 1864 4198 τοῖς
1900 4145 1948 4198 Ζ
1990 4143 2229 4196 νοδότου
2267 4145 2509 4209 εὕρηται,
2531 4142 2686 4196 Euat.

392 4215 517 4275 289,
553 4215 637 4264 89.
685 4240 747 4250 -
796 4216 891 4266 157
936 4212 1264 4279 ἀρίςταρχος
1333 4217 1490 4268 ακῶς
1533 4213 1678 4266 κακὰ
1724 4214 1939 4278 μήςατο
2043 4209 2326 4277 idymus.
2375 4239 2434 4248 —
2486 4216 2581 4264 160
2617 4215 2689 4266 δῖ’

390 4280 630 4400 {Lartem
652 4277 1020 4336 Herodianus.
1054 4282 1204 4336 τινές
1237 4282 1299 4336 δὲ
1324 4282 1590 4336 Διάντεια
1626 4282 1769 4347 ὁμοῦ
1794 4279 2248 4347 ἀναγινώςκουςι,
2285 4283 2471 4335 κακῶς
2504 4277 2685 4334 Schol.
