3144 5006
454 339 582 405 280
1369 342 1705 399 ΙΛΙΑΔΟ(
1757 345 1810 401 Κ.

624 492 688 559 ἐξ
732 494 942 559 ὕπνου
987 495 1275 576 ἀνέγειρε
1322 497 1618 576 Γερήνιος
1661 495 1900 561 ἱππότα
1948 497 2205 578 Νέςτωρ

625 596 1091 675 φθεγξάμενος·
1138 600 1253 664 τὸν
1300 599 1357 664 δ’
1400 596 1564 677 αἶψα
1610 598 1753 677 περὶ
1799 600 2045 679 φρένας
2089 602 2268 680 ἤλυθ’
2316 602 2453 682 ἰωή,

457 700 579 761 140
622 696 691 761 ἐκ
736 695 794 761 δ’
836 697 988 776 ἦλθε
1033 699 1261 777 κλιςίης
1306 699 1406 763 καί
1453 719 1651 779 ςφεας
1693 702 1858 780 πρὸς
1900 704 2104 780 μῦθον
2151 702 2351 767 ἔειπε·

790 798 962 880 τίφθ’
1006 799 1177 865 οὕτω
1223 800 1379 865 κατὰ
1422 804 1583 877 νῆας
1626 800 1753 866 ἀνὰ
1797 804 2066 880 ςτρατόν
2113 801 2243 868 οἶοι
2286 803 2517 869 ἀλᾶςθε·

621 900 817 966 νύκτα
861 902 942 966 δι’
986 901 1350 984 ἀμβροςίην,
1396 902 1435 966 ὅ
1479 924 1537 967 τι
1581 905 1658 982 δὴ
1704 906 1898 983 χρειὼ
1943 905 2138 970 τόςον
2179 905 2329 975 ἵκει;

788 1003 906 1068 τὸν
950 1001 1006 1067 δ’
1050 1002 1321 1083 ἠμείβετ’
1365 1005 1586 1069 ἔπειτα
1632 1006 1927 1085 Γερήνιος
1969 1006 2212 1072 ἱππότα
2259 1007 2544 1087 Νέςτωρ·

622 1106 909 1181 διογενὲς
952 1104 1322 1187 Λαερτιάδη,
1369 1108 1783 1187 πολυμήχαν’
1827 1108 2147 1190 Ὀδυςςεῡ,

456 1211 570 1268 145
618 1208 697 1286 μή
750 1208 1007 1283 νεμέςα·
1050 1209 1235 1271 τοῖον
1280 1207 1404 1285 γὰρ
1448 1206 1608 1286 ἄχος
1654 1209 1939 1290 βεβίηκεν
1987 1209 2299 1288 Ἀχαιούς.

618 1307 760 1372 ἀλλ’
805 1308 992 1389 ἕπευ,
1039 1306 1218 1388 ὄφρα
1264 1309 1364 1373 καὶ
1407 1307 1613 1375 ἄλλον
1659 1309 2020 1391 ἐγείρομεν,
2069 1309 2147 1375 ὅν
2190 1312 2244 1375 τ’
2287 1311 2537 1377 ἐπέοικε

620 1410 856 1488 βουλὰς
905 1411 1268 1493 βουλεύειν,
1314 1411 1353 1489 ἢ
1399 1412 1721 1492 φευγέμεν
1766 1413 1840 1492 ἠὲ
1885 1412 2202 1492 μάχεςθαι.

787 1511 877 1575 ὣς
921 1512 1097 1594 φάθ’,
1144 1513 1181 1577 ὃ
1228 1512 1300 1576 δὲ
1345 1512 1582 1591 κλιςίην
1629 1515 1699 1578 δὲ
1744 1515 1900 1579 κιὼν
1947 1513 2295 1595 πολύμητις
2343 1516 2672 1581 Ὀδυςςεὺς

620 1613 913 1679 ποικίλον
959 1614 1116 1694 ἀμφ’
1161 1612 1383 1691 ὤμοιςι
1428 1613 1617 1679 ςάκος
1662 1614 1832 1697 θέτο,
1886 1619 1960 1697 βῆ
2005 1618 2077 1681 δὲ
2123 1618 2253 1695 μετ’
2298 1617 2554 1682 αὐτούς.

457 1720 575 1778 150
620 1716 741 1795 βὰν
785 1715 843 1779 δ’
887 1714 990 1780 ἐπὶ
1034 1716 1342 1795 Τυδείδην
1386 1717 1745 1793 Διομήδεα·
1792 1718 1908 1781 τὸν
1955 1720 2026 1783 δὲ
2071 1717 2336 1797 κίχανον

617 1816 798 1881 ἐκτὸς
844 1816 975 1881 ἀπὸ
1021 1817 1251 1896 κλιςίης
1297 1817 1410 1882 ςὺν
1452 1819 1766 1897 τεύχεςιν·
1812 1817 1977 1899 ἀμφὶ
2021 1819 2079 1884 δ’
2122 1820 2360 1897 ἑταῖροι

618 1916 846 1999 εὗδον,
892 1918 1021 1983 ὑπὸ
1067 1918 1282 1997 κραςὶν
1325 1919 1383 1981 δ’
1426 1919 1584 1998 ἔχον
1630 1917 1923 1985 άςπίδας·
1968 1919 2161 1999 ἔγχεα
2205 1921 2275 1984 δέ
2321 1941 2465 2000 ςφιν

615 2018 751 2099 ὄρθ’
796 2019 901 2084 ἐπὶ
944 2023 1350 2099 ςαυρωτῆρος
1399 2018 1697 2101 ἐλήλατο,
1741 2024 1893 2098 τῆλε
1936 2023 2009 2085 δὲ
2054 2020 2289 2099 χαλκὸς

617 2120 812 2202 λάμφ’
861 2120 951 2186 ὥς
993 2141 1062 2185 τε
1107 2122 1379 2199 ςτεροπὴ
1425 2122 1671 2200 πατρὸς
1714 2121 1899 2187 Διός.
1989 2121 2190 2200 αὐτὰρ
2238 2123 2276 2187 ὅ
2320 2124 2378 2198 γ’
2422 2124 2596 2202 ἥρως

451 2229 569 2286 155
616 2221 769 2306 εὗδ’,
815 2220 943 2287 ὑπὸ
987 2224 1044 2286 δ’
1088 2222 1366 2301 ἔςτρωτο
1416 2219 1597 2299 ῥινὸν
1646 2224 1800 2302 βοὸς
1846 2222 2220 2305 ἀγραύλοιο,

613 2324 814 2402 αὐτὰρ
861 2322 988 2388 ὑπὸ
1034 2323 1334 2403 κράτεςφι
1377 2322 1581 2401 τάπης
1625 2325 1966 2390 τετάνυςτο
2012 2326 2298 2405 φαεινός.

616 2427 732 2491 τὸν
777 2425 1056 2503 παρςτὰς
1103 2424 1390 2503 ἀνέγειρε
1438 2426 1734 2505 Γερήνιος
1779 2426 2022 2491 ἱππότα
2070 2425 2359 2509 Νέςτωρ,

615 2529 729 2595 λὰξ
773 2528 928 2592 ποδὶ
972 2528 1257 2609 κινήςας,
1303 2528 1550 2606 ὤτρυνε
1596 2549 1664 2594 τε
1710 2528 1947 2598 νείκεςέ
1990 2528 2043 2592 τ’
2088 2526 2315 2607 ἄντην·

786 2629 977 2709 ἔργεο
1022 2629 1264 2695 Τυδέος
1311 2627 1435 2694 υἱέ·
1480 2631 1539 2694 τί
1585 2630 1922 2709 πάννυχον
1970 2630 2177 2695 ὕπνον
2226 2629 2487 2704 ἀωτεῑς;

447 2738 569 2797 160
613 2731 731 2797 οὐκ
773 2731 960 2814 ἀίεις,
1009 2731 1098 2796 ὡς
1142 2731 1364 2810 Τρῶες
1405 2731 1512 2796 ἐπὶ
1555 2736 1827 2815 θρῳςμῷ
1873 2732 2124 2795 πεδίοιο

577 2898 642 2954 V.
681 2919 726 2953 1..
791 2905 886 2952 139
915 2915 1039 2966 περι
1063 2897 1131 2951 D.
1171 2929 1236 2938 -
1278 2905 1372 2953 140
1398 2903 1490 2953 καὶ
1514 2901 1687 2965 ςφέας
1717 2898 1825 2952 GL.
1864 2900 2017 2953 ἔειπε
2041 2898 2312 2953 ACDGH.
2351 2929 2414 2939 --
2461 2906 2544 2954 141
2577 2901 2732 2954 οὕτω

439 2971 532 3025 ἐπὶ
569 2970 632 3022 Α.
670 2970 858 3022 οὕτως
894 2969 985 3020 ἐπὶ
1020 2965 1124 3019 DH
1160 2966 1317 3020 Vrat.
1359 2967 1411 3020 b.
1449 2974 1496 3019 2.
1536 2984 1682 3021 man.
1721 2983 1804 3034 γρ.
1844 2968 2128 3034 κατανήας
2165 2968 2227 3021 A.
2269 2970 2412 3022 κατὰ
2448 2973 2556 3034 νῆα
2593 2969 2734 3022 κατὰ

441 3037 592 3106 Lips.
628 3037 859 3090 ἀλᾶςθαι
894 3033 959 3091 G.
998 3036 1238 3089 ἀλάαςθε
1275 3034 1336 3101 L,
1375 3035 1579 3088 omisso
1615 3039 1742 3089 οἶοι.
1770 3063 1843 3100 ,-
1897 3040 1990 3087 142
2027 3036 2383 3103 διαμβροςίην
2418 3035 2484 3088 D.
2520 3052 2603 3102 γρ.
2643 3039 2732 3089 καὶ

441 3138 723 3207 ὀρφναίην
758 3140 819 3190 A.
857 3139 908 3203 6,
944 3107 1008 3188 ἰἰε
1046 3134 1100 3188 S.
1187 3152 1269 3189 κει
1307 3134 1365 3188 L.
1408 3136 1519 3190 ἵκοι
1564 3134 1792 3188 Barocc.
1830 3135 1968 3188 Mor.
2016 3164 2079 3175 —
2121 3141 2215 3190 145
2254 3137 2491 3201 Ἀχαιοῖς
2536 3136 2731 3189 Zonar.

441 3208 571 3261 Lex.
609 3211 729 3260 385.
767 3233 829 3242 —
872 3209 967 3256 146
1005 3203 1128 3257 ἕπε’
1211 3202 1393 3268 ownl.‚
1432 3202 1608 3256 ceteri
1645 3204 1798 3258 ἕπευ.
1836 3202 2202 3270 ἐπεγείρομεν
2236 3201 2295 3260 L.
2333 3204 2553 3258 ἐπέοικε
2588 3203 2731 3258 ACD

440 3274 554 3328 HL.
592 3273 811 3326 ἑπέεικε
849 3269 914 3324 G.
951 3270 1019 3323 ὃν
1056 3271 1275 3325 ἐπέοικε
1311 3269 1372 3323 Ε.
1411 3299 1473 3308 —
1516 3273 1612 3323 148
1651 3271 1729 3326 ὡς
1755 3270 1820 3324 Α.
1860 3272 2028 3337 ἔφαθ’
2065 3268 2129 3325 G.
2167 3271 2199 3325 ὃ
2235 3272 2294 3324 δέ
2332 3270 2389 3325 C.
2432 3272 2644 3337 κλιςίην
2671 3274 2730 3326 δε

440 3345 503 3396 Α.
542 3339 754 3406 κλιςίην
789 3354 853 3403 γε
890 3336 957 3390 D.
992 3366 1056 3376 -
1097 3343 1194 3391 150
1229 3341 1254 3369 *
1282 3339 1344 3392 δὲ
1380 3338 1636 3403 κίχανονε
1676 3337 1807 3391 libri
1849 3340 1899 3392 δ’
1936 3339 2209 3403 ἐκίχανον.
2248 3368 2310 3377 -
2357 3343 2446 3391 151
2485 3340 2626 3406 ἀμφι
2662 3338 2731 3392 D.

443 3441 503 3450 —
545 3406 829 3474 152’κραςί
867 3403 932 3461 G.
980 3421 1075 3473 ςφι
1110 3404 1177 3458 D.
1215 3434 1278 3444 --
1321 3411 1416 3459 154
1454 3408 1532 3460 ὥς
1568 3407 1623 3458 τ’
1669 3407 1952 3473 ἀςτεροπὴ
1990 3405 2081 3460 DS
2118 3404 2273 3459 Cant.
2321 3407 2400 3460 ὡς
2447 3407 2728 3475 ἀςτεροπή

438 3512 500 3576 L,
538 3508 681 3563 conf.
718 3508 762 3562 Λ
798 3513 881 3573 66,
922 3510 1034 3559 184.
1084 3508 1200 3561 διὸς
1237 3523 1350 3561 πατ
1391 3508 1452 3560 ὸς
1479 3505 1542 3560 D.
1581 3543 1647 3552 —
1689 3514 1784 3560 155
1821 3509 1985 3563 εὗδεν
2020 3489 2159 3563 ὺπ3ι
2185 3509 2234 3561 δ’
2258 3507 2318 3561 L.
2359 3508 2513 3575 ῥινὸς
2550 3507 2730 3563 Schol.

439 3599 464 3636 ε
501 3583 627 3640 426ς
662 3578 705 3629 Λ
742 3582 857 3630 731.
909 3603 969 3612 -
1022 3579 1116 3628 156
1153 3575 1268 3628 ὑπο
1307 3523 1423 3628 Af).
1466 3576 1558 3628 ἐπὶ
1609 3574 1793 3633 Schol.
1828 3592 1855 3629 ε
1893 3579 2009 3630 281.
2057 3578 2222 3631 τάπις
2260 3572 2325 3628 G.
2372 3605 2436 3614 —
2488 3583 2578 3630 157
2618 3579 2730 3642 πὰρ

437 3649 567 3702 (τὰς
593 3642 691 3699 AG
720 3643 855 3696 Mor.
894 3644 1177 3706 παραςτὰς
1204 3642 1312 3695 DL.
1357 3674 1416 3681 —
1459 3648 1552 3696 158
1591 3645 1794 3709 ὄτρυνέ
1819 3642 1879 3696 L.
1918 3678 1981 3686 —
2023 3650 2116 3696 159
2140 3645 2301 3709 ἔγρεο
2328 3641 2528 3696 CELS:
2569 3647 2730 3710 ὄρςεο

440 3711 644 3770 ADGH
678 3711 835 3765 Vrat.
870 3710 924 3764 b.
964 3708 1119 3766 Euat.
1156 3716 1273 3775 519,
1312 3716 1376 3763 32
1423 3712 1509 3765 διὸ
1557 3712 1648 3764 καὶ
1693 3713 1725 3764 ὁ
1774 3712 2004 3777 Νέςτωρ
2050 3717 2134 3778 τῷ
2172 3712 2440 3776 Διομήδει
2489 3713 2728 3776 κειμένῳ

438 3801 549 3838 που
586 3780 782 3849 φηςίν·
822 3780 1020 3845 ,,ἔγρεο
1057 3779 1141 3844 μή
1187 3778 1289 3831 τίς
1326 3794 1429 3830 τοι
1468 3781 1621 3842 (καθ
1665 3781 1948 3832 εύδοντι
1997 3779 2409 3843 μεταφρένῳ
2462 3779 2532 3830 ἐν
2568 3780 2731 3845 δόρυ

439 3853 680 3918 πήξῃ“,
716 3863 888 3916 quem
936 3861 1159 3899 versum
1204 3844 1402 3898 laudat
1437 3844 1598 3915 Diog.
1748 3847 1817 3899 rt.
1858 3844 1953 3910 VI,
1994 3852 2043 3912 2,
2081 3853 2113 3900 6
2161 3847 2348 3913 (μήτις
2387 3861 2469 3899 ςοι
2507 3848 2729 3900 εὕδοντι

436 3919 605 3988 κτλ.),
645 3914 788 3971 conf.
827 3915 872 3967 Θ
910 3919 991 3968 95.
1032 3943 1093 3952 —-
1133 3918 1231 3966 160
1266 3918 1449 3980 τρῷες
1485 3911 1542 3967 L.

1495 4002 1520 4027 0

572 4074 635 4131 A.
669 4089 716 4125 c.
799 4071 894 4121 146
941 4066 1269 4134 ἀρίςταρχος
1305 4069 1475 4133 χωρὶς
1521 4070 1627 4119 τοῦ
1664 4071 1711 4120 Ἡ
1750 4066 1875 4120 ἀλλ’
1922 4069 2046 4122 ἕπε’
2089 4069 2240 4134 ὄφρα
2275 4064 2407 4118 Did
2421 4082 2629 4133 ymas..
2665 4096 2729 4103 —-

440 4151 535 4198 153
580 4141 967 4207 ςαυρωτῆροςε
1017 4138 1383 4201 ςαυρωτῆρας
1430 4133 1852 4201 Aristophanes.
1906 4164 1969 4173 ——
2034 4140 2125 4189 158
2172 4133 2494 4188 asteriscus:
2543 4139 2729 4188 κακῶς

437 4230 469 4263 o
491 4215 574 4262 45.
612 4237 676 4246 -
715 4211 809 4259 159
834 4205 883 4256 δι
923 4206 1002 4256 ῶς
1027 4202 1354 4268 ἀρίςταρχος
1391 4202 1554 4267 ἔγρεο
1582 4205 1673 4255 καὶ
1700 4203 1862 4269 ὄρςεο
1889 4200 2234 4270 Didymus.
2272 4231 2336 4240 —
2368 4206 2462 4253 160
2486 4206 2518 4256 θ
2558 4207 2729 4269 ῳςμῷ

439 4272 768 4342 Apollonius
791 4273 902 4323 Arc
949 4267 1073 4322 'bii:
1112 4273 1360 4338 θρωςμῷ
1382 4272 1554 4337 χωρὶς
1579 4275 1682 4324 τοῦ
1710 4269 1851 4324 ἰῶτα
1877 4268 2229 4338 Didymae,
2256 4268 2398 4323 conf.
2428 4267 2495 4325 H.
2579 4311 2590 4323 .
2616 4275 2729 4323 217.
