3144 5006
1314 373 1645 432 ΙΛΙΑΔΟ(
1694 372 1819 428 VII.
2574 374 2695 440 199

576 530 718 595 ἀλλ’
761 527 870 597 ὅτε
913 529 993 609 δὴ
1037 530 1153 595 τὸν
1195 527 1375 594 ἵκανε
1420 528 1644 610 φέρων
1689 526 1791 595 ἀν’
1833 529 2062 609 ὅμιλον
2107 527 2394 612 ἁπάντῃ,

576 633 650 698 ὅς
692 652 797 712 μιν
844 631 1203 711 ἐπιγράψας
1247 629 1456 715 κυνέη
1486 629 1675 713 βάλε,
1721 631 2023 714 φαίδιμος
2068 629 2245 707 Αἴας,

574 733 613 813 ἦ
657 754 756 798 τοι
802 732 1104 813 ὑπέςχεθε
1149 733 1329 816 χεῖρ’,
1375 733 1413 798 ὃ
1459 732 1515 797 δ’
1559 731 1662 812 ἄρ’
1706 732 1977 814 ἔμβαλεν
2022 729 2169 812 ἄγχι
2211 729 2564 813 παραςτάς,

573 840 711 911 γνῶ
758 836 829 900 δὲ
874 836 1116 915 κλήρου
1159 838 1321 914 ςῆμα
1365 833 1553 917 ἰδών,
1599 834 1833 915 γήθηςε
1876 835 1947 899 δὲ
1991 839 2189 917 θυμῷ.

414 942 533 1001 190
573 936 690 1003 τὸν
732 937 846 1015 μὲν
892 936 1023 1016 πὰρ
1069 937 1214 1002 πόδ’
1258 934 1370 1001 ἑὸν
1415 935 1683 1015 χαμάδις
1728 934 1881 1016 βάλε
1927 935 2228 1017 φώνηςέν
2271 954 2368 1000 τε·

744 1035 798 1101 ὦ
844 1039 1056 1120 φίλοι,
1098 1035 1139 1117 ἦ
1184 1057 1282 1103 τοι
1326 1037 1560 1117 κλῆρος
1605 1035 1787 1117 ἐμός,
1831 1033 2035 1117 χαίρω
2079 1037 2151 1103 δὲ
2197 1035 2295 1100 καὶ
2340 1034 2534 1102 αὐτὸς

574 1144 783 1223 θυμῷ,
828 1139 966 1205 ἐπεὶ
1008 1138 1219 1203 δοκέω
1265 1138 1589 1220 νικηςὲμεν
1632 1138 1903 1217 Ἕκτορα
1945 1139 2113 1204 δῖον.

576 1241 717 1305 ἀλλ’
758 1238 951 1323 ἄγετ’,
995 1239 1148 1321 ὄφρ’
1178 1239 1274 1333 ,ἂν
1318 1239 1446 1316 ἐγὼ
1494 1241 1810 1320 πολεμήια
1853 1239 2082 1320 τεύχεα
2126 1238 2283 1321 δύω,

573 1343 762 1423 τόφρ’
806 1343 977 1423 ὑμεῖς
1022 1342 1277 1421 εὔχεςθε
1319 1341 1429 1407 Διὶ
1477 1341 1788 1421 Κρονίωνι
1833 1338 2055 1406 ἄνακτι

415 1449 531 1509 195
578 1450 714 1527 ςιγῇ
760 1444 868 1525 ἐφ’
912 1442 1178 1527 ὑμείων,
1219 1442 1330 1511 ἵνα
1373 1444 1454 1524 μὴ
1499 1442 1716 1523 Τρῶές
1760 1463 1836 1520 γε
1864 1442 2243 1524 πύθωνται,

569 1546 650 1623 ἠὲ
693 1547 796 1609 καὶ
839 1544 1195 1627 ἀμφαδίην,
1240 1544 1378 1612 ἐπεὶ
1423 1543 1501 1611 οὔ
1547 1565 1689 1612 τινα
1734 1543 2009 1625 δείδιμεν
2053 1542 2286 1624 ἔμπης·

577 1647 656 1712 οὐ
702 1646 824 1727 γάρ
869 1647 961 1710 τίς
1005 1668 1082 1725 με
1127 1647 1226 1731 βίῃ
1269 1667 1343 1724 γε
1389 1645 1556 1712 ἑκὼν
1603 1646 1879 1712 ἀέκοντα
1921 1645 2152 1729 δίηται,

575 1748 731 1814 οὐδέ
775 1769 830 1812 τι
876 1747 1105 1833 ἰδρείῃ,
1151 1748 1286 1815 ἐπεὶ
1332 1747 1474 1813 οὐδ’
1514 1748 1626 1828 ἐμὲ
1672 1747 1859 1826 νήιδά
1899 1748 1961 1824 γ’
2004 1746 2211 1813 οὕτως

576 1849 848 1930 ἔλπομαι
893 1849 964 1915 ἐν
1009 1849 1309 1930 Εαλαμῑνι
1354 1849 1640 1927 γενέςθαί
1684 1869 1752 1914 τε
1795 1848 2120 1930 τραφέμεν
2163 1869 2249 1913 τε.

303 1983 315 1996 ·
405 1959 531 2017 200
745 1951 837 2017 ὣς
882 1950 1089 2033 ἔφαθ’,
1138 1950 1203 2015 οἳ
1247 1950 1304 2016 δ’
1347 1948 1622 2030 εὔχοντο
1667 1951 1780 2016 Διὶ
1828 1949 2141 2030 Κρονίωνι
2183 1949 2434 2016 ἄνακτι·

572 2053 700 2119 ὧδε
742 2053 815 2118 δέ
859 2072 953 2118 τις
996 2051 1286 2118 εἴπεςκεν
1332 2051 1489 2119 ἰδὼν
1536 2051 1625 2118 εἰς
1671 2051 1956 2133 οὐρανὸν
2002 2050 2230 2133 εὐρύν·

742 2153 870 2220 Ζεῦ
916 2154 1147 2238 πάτερ,
1191 2154 1434 2234 Ἴδηθεν
1479 2152 1763 2237 μεδέων,
1810 2153 2085 2238 κύδιςτε,
2128 2154 2405 2237 μέγιςτε,

573 2257 687 2322 δὸς
730 2255 908 2335 νίκην
951 2254 1169 2322 Αἴαντι
1213 2257 1317 2320 καὶ
1360 2255 1608 2332 ἀγλαὸν
1652 2252 1844 2336 εὖχος
1888 2254 2177 2335 ἀρέςθαι·

573 2359 629 2423 εί
671 2358 743 2423 δὲ
788 2358 889 2422 καὶ
931 2357 1204 2438 Ἕκτορά
1248 2379 1368 2437 περ
1413 2358 1657 2440 φιλέεις
1701 2357 1805 2423 καὶ
1847 2356 2064 2435 κήδεαι
2108 2356 2340 2435 αὐτοῦ,

404 2464 527 2525 205
571 2458 710 2539 ἴςην
731 2457 1172 2541 ’ἀμφοτέροιςι
1218 2459 1356 2541 βίην
1403 2459 1501 2526 καὶ
1546 2463 1737 2526 κῦδος
1783 2459 2090 2525 ὄπαςςον.

739 2561 829 2626 ὣς
872 2560 975 2641 ἄρ’
1017 2559 1219 2645 ἔφαν,
1261 2561 1416 2628 Αἴας
1462 2564 1534 2627 δὲ
1579 2560 1918 2642 κορύςςετο
1962 2562 2212 2640 νώροπι
2258 2566 2497 2645 χαλκῷ.

538 2778 607 2834 V.
644 2798 695 2834 1..
759 2785 853 2834 186
887 2780 957 2847 δή
991 2780 1045 2847 ῥ’
1077 2779 1238 2835 ἵκανε
1274 2780 1340 2833 A.
1377 2781 1608 2900 &ndvrss
1631 2779 1752 2833 AB:
1789 2778 1965 2834 ceteri
1999 2779 2225 2847 ἁπάντη
2254 2822 2265 2833 .
2291 2780 2505 2846 ἀχαιῶν
2529 2779 2686 2837 Vrat.

401 2850 455 2907 b,
496 2855 539 2901 1.
575 2864 721 2901 man.
760 2877 823 2888 —
875 2852 972 2903 187
1008 2848 1204 2915 κυνέης
1243 2848 1448 2915 κυνέην
1483 2846 1528 2900 1.
1609 2848 1652 2903 t.
1689 2846 1834 2901 Gud.
1880 2851 1998 2912 327,
2037 2852 2120 2901 37.
2166 2877 2231 2886 —--
2282 2851 2376 2902 188
2420 2852 2543 2917 ᾔτει
2585 2851 2686 2905 ὑπ·

402 2932 632 3017 εεχέοαιε
669 2947 738 3003 Η.
776 2950 809 3003 δ
846 2950 898 3003 δ’
931 2947 991 3003 1..
1027 2949 1112 3002 δι’
1146 2945 1267 3002 GH.
1310 2948 1346 3001 a
1417 2946 1825 3016 neugma
1859 2947 1962 3003 os.
1999 2978 2066 2988 -
2107 2954 2203 3003 190
2238 2963 2352 3016 παρ
2386 2949 2450 3006 A.
2487 2979 2552 2989 -
2591 2956 2682 3005 191

401 3020 438 3084 ἦ
474 3034 562 3073 τοι
596 3017 684 3071 Et.
719 3014 836 3086 ΜΕ.
861 3023 979 3082 619,
1022 3023 1096 3070 12.
1172 3032 1264 3071 τοι
1299 3032 1337 3081 μ
1369 3034 1402 3070 ν
1436 3019 1646 3085 κλῆρος
1681 3018 1803 3083 ἐμοὶ
1841 3014 1907 3069 G.
1944 3045 2007 3056 —
2050 3022 2145 3070 196
2177 3021 2359 3084 τρῲες
2382 3016 2461 3072 L..
2482 3033 2548 3083 γε
2584 3020 2684 3072 πὺ-
2778 3093 2787 3100 .

400 3090 642 3141 θωνταιε
679 3086 1054 3140 πεπύθωνται
1089 3082 1132 3137 F
1222 3083 1325 3137 rat.
1361 3100 1409 3138 ο.
1445 3081 1614 3138 Mose.
1650 3090 1699 3139 3.
1735 3115 1800 3124 —
1841 3090 1936 3138 196
1974 3084 2064 3152 ἠὲε
2103 3084 2201 3151 ήδὲ
2234 3083 2294 3137 L.
2340 3113 2394 3123 —
2441 3090 2534 3140 197
2577 3087 2650 3151 γά

398 3157 486 3209 τῖς
522 3169 589 3219 με
623 3151 693 3206 Η.
729 3153 903 3207 ἑλὼνε
939 3168 1028 3272 γε.
1076 3153 1235 3229 ἑκὼν.
1259 3150 1361 3206 LS.
1408 3151 1652 3208 ἀέκοντα
1689 3153 1753 3207 A.
1798 3183 1856 3192 --
1901 3157 1999 3206 198
2033 3153 2166 3207 οὐδέ
2199 3152 2255 3205 τ’
2288 3152 2503 3220 ἀίδρείη
2537 3152 2631 3209 ΔΟ

401 3219 527 3274 ELS
572 3222 634 3276 et
680 3218 813 3274 libri
855 3236 967 3288 apu
1052 3218 1139 3274 He
1242 3235 1336 3272 um
1381 3235 1509 3273 oum
1554 3219 1641 3273 Et.
1690 3219 1804 3290 Mg.
1846 3226 1931 3282 42,
1975 3223 2056 3275 45.
2116 3217 2300 3290 Apoll.
2346 3218 2479 3274 Lex.
2519 3226 2597 3286 17,
2636 3229 2685 3276 3.

398 3287 638 3356 Hesych.
679 3288 719 3351 Ι,
756 3292 836 3345 73.
872 3283 1007 3342 οὐδέ
1041 3289 1096 3352 γ’
1129 3236 1341 3355 fficio
1378 3289 1442 3341 G.
1488 3288 1613 3342 οὐδ’
1648 3288 1770 3354 ὲμὲ;
1808 3288 1941 3343 οὐδέ
1978 3303 2045 3353 με
2081 3286 2194 3340 HL.
2242 3289 2453 3343 οὔτωςε
2492 3290 2684 3344 αὔτως

401 3355 469 3410 Η.
503 3385 571 3396 -
609 3362 704 3410 199
738 3356 993 3420 γενέςθαί
1015 3371 1106 3422 τε,
1132 3355 1425 3423 τραφέμεν
1448 3371 1513 3409 τε
1537 3354 1702 3415 ACD.
1737 3356 1989 3422 γενὲςθαί
2011 3370 2077 3410 τε
2103 3354 2151 3409 G
2177 3354 2264 3409 Et.
2290 3352 2434 3412 Gud.
2460 3362 2577 3424 244,
2600 3363 2682 3412 21.

402 3418 581 3478 Crax'n.
617 3422 720 3492 Ep.
751 3429 865 3488 187,
887 3429 968 3480 21.
1008 3421 1190 3477 Cram.
1217 3425 1323 3479 An.
1349 3420 1598 3485 Par.111‚
1642 3429 1754 3487 116,
1793 3429 1886 3477 26:
1925 3421 2097 3493 vulgo
2130 3424 2385 3488 γενέςθαι
2418 3441 2501 3491 τε,
2539 3424 2683 3480 conf.

399 3490 474 3544 ad
506 3508 544 3557 γ
576 3497 659 3546 28.
705 3493 1063 3558 τετραφέμεν
1097 3488 1143 3543 Ε
1179 3495 1305 3555 676,
1342 3495 1389 3545 7.
1438 3526 1500 3535 -
1547 3495 1649 3546 200
1684 3491 1765 3546 ὡς
1800 3492 1865 3548 A.
1910 3491 2017 3546 οἵδ’
2052 3489 2206 3546 CGL.
2252 3520 2320 3531 —
2363 3497 2465 3546 206
2501 3493 2581 3549 ὡς
2616 3493 2680 3546 A.

399 3560 471 3627 ἂρ
504 3556 675 3612 ADG.

709 3673 805 3680 --——--

534 3743 601 3797 A.
638 3760 685 3799 ο.
746 3749 843 3798 186
866 3746 1035 3811 διχῶς
1060 3743 1187 3798 ἀλλ’
1211 3745 1313 3798 ὅτε
1349 3745 1419 3810 δή
1445 3745 1499 3812 ῥ’
1520 3743 1720 3799 ἵκοντο
1744 3746 1835 3798 καὶ
1860 3745 1987 3799 ἀλλ’
2022 3747 2120 3800 ὅτε
2158 3747 2225 3811 δὴ
2251 3746 2356 3800 τὸν
2377 3745 2538 3801 ἵκανε
2572 3745 2684 3800 Di·

398 3811 653 3880 dymus.
689 3842 756 3852 —
795 3817 893 3866 198
1010 3812 1265 3878 ίςταρχος
1310 3813 1492 3878 δύνω,
1539 3814 1700 3866 ἄλλοι
1744 3814 1807 3867 δὲ
1851 3814 1971 3867 δύω
2016 3811 2363 3881 Didymus.
2417 3844 2470 3852 —
2520 3819 2679 3869 196-

402 3885 498 3934 199
532 3880 706 3945 ςτίχοι
748 3881 922 3935 πέντε
1003 3882 1302 3945 Θετοῠνται
1339 3879 1804 3946 Aristonicus,
1853 3879 1996 3934 conf.
2043 3877 2269 3948 Didym.
2314 3880 2385 3935 ad
2422 3886 2522 3935 198
2557 3883 2682 3950 ἠθέ-

397 3964 575 4014 τηντο
609 3949 672 4001 δὲ
706 3950 797 4002 καί
835 3948 990 4016 παρὰ
1015 3948 1403 4015 Ἀριςτοφάνει
1426 3948 1519 4001 καί
1541 3948 1871 4017 Ζηνοδότῳ.
1906 3977 1970 3986 -
2013 3953 2106 4003 197
2142 3950 2317 4002 ἑκὼνε
2355 3948 2683 4017 ἀρίςταρχος

395 4033 486 4087 διὰ
527 4037 632 4087 τοῦ
678 4035 711 4086 λ
747 4032 897 4087 ἑλών
932 4030 1276 4099 Didymus.
1349 4032 1705 4100 Ἀρίςταρχος
1740 4033 1832 4087 καί
1867 4031 1924 4086 ut
1961 4031 2188 4087 πλείους
2224 4032 2375 4087 ἑλών
2408 4030 2589 4087 Schol.
2614 4034 2680 4088 A.

398 4128 464 4140 —
502 4105 599 4156 198
635 4101 724 4155 διὰ
757 4103 862 4155 τοῦ
896 4100 919 4153 ῐ
956 4100 1109 4167 (οὐδέ
1145 4116 1199 4153 τι
1235 4099 1433 4169 ἰδρείῃ)
1471 4100 1630 4167 εἶχον
1665 4099 1724 4155 ut
1760 4099 2144 4169 Ἀριςτάρχου·
2181 4100 2218 4165 ἡ
2255 4101 2318 4154 δὲ
2356 4100 2679 4168 Ἀριςτοφά-

395 4184 529 4223 νους
564 4169 698 4223 οὐδὲ
734 4168 835 4230 μὲν
870 4167 1045 4235 ἰδρείῃ
1081 4165 1429 4236 Didymus.
1502 4168 1680 4235 ἀῑδρεί
1733 4208 1748 4234 ,
1893 4166 2254 4237 πολυπειρία,
2292 4167 2539 4225 ἑπιτάςει
2573 4173 2678 4225 τοῦ

397 4241 449 4290 ἃ·
483 4233 667 4315 ΒοΙιοΙ.
708 4234 816 4289 BL.
863 4237 986 4290 οὐδ’
1028 4235 1155 4302 ἐμὲ,
1200 4250 1311 4289 nou
1356 4236 1490 4290 οὐδέ
1536 4251 1635 4302 με,
1680 4185 1796 4290 fler
1874 4235 1887 4248 ’
1965 4250 2047 4289 us.
2084 4264 2146 4274 —
2195 4240 2290 4291 199
2324 4236 2580 4305 γενέςθαί
2613 4254 2679 4296 τε

396 4303 781 4378 Herodxanus,
818 4303 962 4358 conf.
997 4302 1063 4361 Η.
1102 4302 1166 4356 Τ.
1200 4308 1318 4357 413.
