3144 5006
447 420 530 493 94
1370 420 1701 488 ιΛιΑΔος
1751 422 1817 486 Δ.

615 584 922 667 ὄρςομεν,
970 582 1011 666 ἦ
1058 587 1373 667 φιλότητα
1416 587 1559 667 μετ’
1602 586 2020 666 άμφοτέροιςι
2066 589 2379 667 βάλωμεν.

617 688 671 751 εἰ
714 689 784 751 δ’
827 687 909 752 αὖ
954 710 1093 755 πως
1137 690 1287 753 τόδε
1332 691 1479 752 πᾶςι
1523 689 1723 768 φίλον
1769 690 1872 753 καὶ
1916 689 2037 767 ἡδὺ
2080 685 2368 767 γένοιτο,

611 788 651 867 ἦ
696 811 795 855 τοι
839 792 952 869 μὲν
999 790 1273 854 οἰκέοιτο
1318 790 1504 854 πόλις
1548 789 1871 869 Πριάμοιο
1917 791 2224 869 ἄνακτος,

615 891 792 957 αὖτις
836 892 904 956 δ’
947 891 1233 971 Ἀργείην
1278 891 1537 969 Ἑλένην
1586 892 1922 955 Μενέλαος
1967 891 2209 969 ἄγοιτο.

490 997 572 1056 20
784 993 872 1059 ὣς
917 993 1135 1073 ἔφαθ’,
1181 992 1249 1055 αἳ
1292 993 1358 1055 δ’
1403 991 1718 1069 ἐπέμυξαν
1765 992 2058 1073 Ἀθηναίη
2103 1015 2172 1059 τε
2216 997 2320 1059 καὶ
2361 995 2545 1073 Ἥρη.

562 1164 566 1171 ,
613 1095 864 1175 πληςίαι
909 1094 975 1158 αἵ
1016 1096 1084 1170 γ’
1127 1093 1356 1172 ἥςθην,
1401 1095 1562 1158 κακὰ
1607 1095 1678 1158 δὲ
1721 1094 1992 1172 Τρώεςςι
2037 1096 2359 1175 μεδέςθην.

612 1196 652 1274 ἧ
695 1217 794 1260 τοι
841 1195 1131 1274 Ἀθηναίη
1176 1195 1386 1260 ἀκέων
1430 1193 1509 1271 ἦν
1557 1194 1713 1259 οὐδέ
1754 1216 1813 1259 τι
1859 1194 2033 1278 εἶπε,

613 1298 955 1375 ςκυζομένη
1000 1297 1113 1361 Διὶ
1152 1297 1374 1379 πατρί,
1420 1298 1619 1374 χόλος
1663 1297 1735 1360 δέ
1780 1317 1883 1375 μιν
1927 1298 2150 1377 ἄγριος
2195 1302 2360 1383 ᾔρει*

613 1399 777 1482 Ἥρῃ
823 1399 892 1464 δ’
935 1398 1054 1462 οὐκ
1099 1397 1291 1476 ἔχαδε
1336 1401 1559 1476 ςτῆθος
1604 1398 1841 1476 χόλον,
1887 1398 2055 1464 ἀλλὰ
2098 1402 2458 1480 προςηύδα·

489 1505 567 1562 25
781 1500 1074 1565 αἰνότατε
1124 1499 1424 1578 Κρονίδη,
1470 1503 1667 1564 ποῖον
1713 1493 1829 1566 τὸν
1874 1506 2074 1580 μῦθον
2119 1501 2347 1567 ἔειπες.

614 1608 751 1666 πῶς
794 1601 1032 1667 ἐθέλεις
1076 1600 1260 1666 ἅλιον
1306 1605 1510 1666 θεῖναι
1553 1601 1766 1666 πόνον
1811 1602 1921 1680 ἠδ’
1966 1603 2335 1680 ἀτέλεςτον,

611 1703 770 1782 ἱδρῶ
814 1703 900 1787 θ’,
948 1704 1027 1769 ὃν
1069 1704 1310 1783 ἵδρωςα
1353 1703 1564 1786 μόγῳ,
1612 1702 1882 1782 καμέτην
1927 1706 1998 1768 δέ
2043 1724 2149 1785 μοι
2189 1703 2378 1770 ἵπποι

614 1807 775 1870 λαὸν
820 1804 1160 1889 ἀγειρούςῃ
1203 1804 1475 1886 Πριάμῳ
1520 1805 1682 1870 κακὰ
1725 1804 1866 1870 τοῖό
1912 1827 1981 1870 τε
2026 1806 2256 1871 παιςίν.

612 1907 782 1986 ἔρδ’·
828 1907 989 1987 ἀτὰρ
1035 1906 1114 1970 οὔ
1157 1927 1256 1972 τοι
1298 1906 1536 1971 πάντες
1581 1908 1962 1986 ἐπαινέομεν
2007 1910 2146 1972 θεοὶ
2188 1908 2392 1974 ἄλλοι.

487 2016 570 2073 30
651 2074 658 2081 ,
783 2012 898 2088 τὴν
944 2011 1015 2074 δὲ
1059 2009 1205 2086 μέγ’
1248 2008 1520 2088 ὀχθήςας
1565 2010 1860 2089 προςέφη
1905 2011 2375 2090 νεφεληγερέτα
2419 2009 2614 2074 Ζεύς·

612 2112 935 2193 δαιμονίη,
983 2112 1040 2174 τί
1083 2113 1162 2175 νύ
1210 2132 1274 2176 ςε
1318 2109 1608 2189 Πρίαμος
1650 2111 1969 2190 Πριάμοιό
2012 2132 2082 2176 τε
2127 2115 2348 2177 παῖδες

610 2213 803 2278 τόςςα
846 2214 1005 2277 κακὰ
1051 2211 1371 2290 ρέζουςιν,
1418 2210 1456 2274 ὅ
1501 2214 1566 2276 τ’
1613 2213 1918 2289 ἀςπερχὲς
1969 2216 2318 2290 μενεαίνεις

609 2314 795 2379 Ἰλίου
841 2314 1225 2380 ἐξαλαπάξαι
1270 2314 1638 2391 ἐυκτίμενον
1683 2314 2096 2392 πτολίεθρον;

611 2414 667 2479 εἰ
709 2417 781 2480 δὲ
824 2415 896 2478 ςύ
941 2416 1012 2490 γ’
1057 2414 1420 2480 εἰςελθοῦςα
1464 2415 1671 2479 πύλας
1714 2416 1817 2480 καὶ
1859 2416 2068 2494 τείχεα
2110 2417 2317 2495 μακρὰ

485 2522 564 2582 35
611 2519 790 2598 ὠμὸν
837 2519 1182 2599 βεβρώθοις
1223 2517 1517 2596 Πρίαμον
1560 2518 1880 2596 Πριάμοιό
1924 2539 1993 2583 τε
2035 2521 2268 2583 παῖδας

612 2613 853 2685 ἄλλους
896 2639 965 2684 τε
1010 2620 1266 2702 Τρῶας,
1310 2620 1458 2685 τότε
1504 2640 1613 2685 κεν
1659 2622 1860 2698 χόλον
1905 2620 2245 2688 ἐξακέςαιο.

610 2723 800 2801 ἔρξον
846 2722 1026 2786 ὅπως
1070 2722 1338 2787 ἐθέλεις·
1383 2723 1462 2802 μὴ
1507 2722 1704 2786 τοῦτό
1747 2742 1821 2798 γε
1866 2725 2076 2786 νεῖκος
2122 2720 2355 2787 ὀπίςςω

439 2863 574 2870 ‚0———4
625 2865 746 2869 —’-
771 2864 844 2869 .-

574 2923 643 2979 V.
680 2944 730 2979 1..
789 2929 848 2978 17
885 2925 955 2979 αὖ
991 2942 1141 2979 πωςτ
1189 2926 1377 2979 αὔτως
1416 2923 1769 2982 01).αύτως
1804 2924 1869 2977 A.
1924 2925 2112 2978 αὕτως
2150 2921 2515 2977 GHLMNOS.
2552 2954 2616 2962 —
2657 2929 2719 2977 19

440 2996 595 3050 αὖθις
634 2994 691 3047 C.
732 3024 792 3033 —-
830 3000 895 3048 20
932 2993 1008 3047 ὡς
1048 2994 1112 3046 A.
1147 2993 1204 3047 αἳ
1240 2994 1291 3046 δ’
1322 2991 1557 3046 DMNO.
1595 2993 1704 3046 αϊδ
1739 2989 1896 3046 CHL.
1933 2992 1990 3046 αἱ
2025 2993 2085 3044 δὲ
2111 2990 2176 3048 G.
2213 2992 2501 3057 ὑπέμυξαν
2534 2991 2719 3046 Cram.

439 3099 544 3151 An.
579 3095 706 3150 Par.
742 3095 845 3160 ΙΙΙ,
884 3101 1007 3158 378,
1044 3101 1126 3153 31.
1171 3131 1237 3139 -
1283 3099 1346 3147 21
1386 3097 1500 3161 πλη
1505 3071 1624 3150 cim
1658 3093 1820 3146 Eton.
1867 3093 1925 3146 αἵ
1958 3095 2035 3157 γ’;
2081 3093 2193 3147 αἵδ’
2227 3091 2291 3147 Ο.
2337 3095 2595 3180 τρῴεςςι
2606 3090 2718 3146 GL.

439 3195 506 3204 —
539 3170 605 3217 22
642 3167 677 3228 ή
718 3165 820 3229 μὲν
858 3163 1095 3230 ἀθηναίη
1133 3160 1198 3219 G.
1239 3164 1368 3217 εἶπε
1403 3112 1568 3216 ACN.
1605 3191 1670 3200 —
1705 3167 1772 3215 23
1846 3177 1928 3227 ρει
1964 3159 2030 3213 G.
2080 3162 2171 3229 ήρι
2174 3177 2223 3215 ει
2257 3161 2322 3218 A.
2368 3191 2434 3200 —
2469 3166 2537 3214 24
2570 3162 2718 3227 Ἥρη

438 3231 592 3287 Euat.
637 3238 747 3295 125,
783 3236 841 3293 8,
881 3237 1028 3294 1345,
1067 3238 1110 3282 1.
1147 3230 1198 3282 Α
1241 3230 1333 3283 011.
1371 3229 1501 3283 Lex.
1543 3234 1639 3282 166
1697 3235 1777 3283 10.
1846 3178 1941 3284 ρ.Ν
1989 3179 2115 3282 οὐκη
2129 3230 2290 3295 ἔχαδε
2326 3227 2465 3282 ACE
2506 3233 2619 3293 125,
2658 3234 2715 3293 7ς

437 3307 562 3365 440,
600 3306 689 3362 45,
734 3270 860 3361 ⁷965,
906 3304 970 3350 52
1015 3270 1164 3350 ’GHL
1227 3296 1459 3351 NOSA
1507 3269 1780 3350 011.Ϊιοκ.
1827 3301 2075 3361 166,10:
2123 3298 2192 3350 οὐ
2238 3298 2298 3349 κέ
2302 3298 2432 3363 χαδε
2469 3294 2522 3348 Η
2556 3268 2715 3349 Euat.

438 3372 552 3430 723,
588 3372 670 3419 47.
706 3366 766 3419 ἐν
800 3371 886 3418 τῶ
946 3365 1107 3433 ,Ἣη
1145 3367 1196 3420 δ’
1229 3367 1296 3419 οὐ
1334 3299 1533 3432 κέχαὲε
1570 3368 1773 3431 ςτῆθος
1809 3365 2023 3430 χόλον“
2059 3365 2222 3427 ἔχαδε
2258 3366 2338 3418 δεῖ
2364 3366 2602 3430 γράφειν
2638 3365 2718 3417 ὡς

439 3436 708 3499 δεύτερον
744 3406 1002 3500 ἀόριςτόν
1037 3383 1189 3487 fluet.
1222 3439 1372 3498 1345,
1410 3440 1457 3487 2.
1495 3450 1563 3501 χρ
1568 3437 1683 3499 ἣςις
1719 3434 1780 3486 δέ
1812 3437 1916 3485 τοῦ
1955 3432 2189 3498 κέχαδεν
2226 3432 2288 3485 ἐν
2323 3437 2408 3499 τῷ
2446 3471 2481 3495 ,,
2484 3433 2594 3498 ‘'Hp

440 3503 507 3556 οὐ
545 3503 743 3567 κέχαδε
780 3502 952 3566 χόλον
977 3503 1188 3566 θυμός“
1196 3543 1208 3555 .
1248 3503 1298 3555 εἰ
1320 3503 1426 3568 γὰρ
1461 3450 1563 3555 καί
1589 3517 1737 3554 τινες
1765 3500 2063 3564 βούλονται
2085 3502 2327 3566 γράφειν
2362 3486 2524 3566 ἔχαδε
2561 3433 2701 3552 &gb

438 3571 704 3636 δευτέρου
741 3569 1016 3637 ἀορίςτου,
1055 3569 1181 3623 ἀλλ’
1214 3571 1250 3634 ἡ
1279 3569 1560 3634 πλείωνχ
1641 3585 1718 3623 ςις
1754 3573 1876 3621 τῶν
1900 3569 2270 3634 ἀντιγράφων
2304 3568 2536 3634 κέχαδεν
2571 3584 2644 3620 αυ
2612 3515 2718 3620 &ng

438 3639 595 3693 οἶδεν
629 3636 784 3690 Eust.
823 3642 971 3703 1487,
1007 3643 1053 3692 5.
1097 3667 1157 3675 —-
1193 3643 1260 3690 25
1295 3638 1487 3692 ἔειπας
1523 3586 1667 3690 Np
1674 3653 1753 3690 or.
1790 3635 1945 3688 Vrat.
1982 3652 2032 3689 a.
2070 3665 2137 3674 —-
2183 3642 2247 3689 27
2283 3637 2494 3703 ἔκαμον
2529 3636 2590 3689 δέ
2626 3651 2717 3700 μοι

436 3709 603 3762 ἵπποι
644 3705 797 3759 Eunt
835 3710 962 3770 441,
997 3711 1087 3770 22,
1135 3703 1278 3758 conf.
1332 3707 1540 3772 ἔκαμον
1577 3706 1636 3758 δέ
1683 3722 1776 3769 μοι
1821 3706 1945 3758 όςςε
1992 3720 2029 3768 μ
2075 3708 2191 3757 232.
2243 3703 2434 3758 ἵπποι.
2478 3702 2642 3756 ἵππω
2626 3651 2716 3755 ”OS

440 3776 598 3830 Cant.
638 3771 903 3829 801101.Ω
938 3779 1053 3827 765.
1089 3803 1155 3811 -
1200 3778 1265 3826 29
1300 3775 1440 3839 ἐρδ’;
1488 3775 1603 3839 ἔρδ’
1634 3770 1861 3825 LMNO.
1910 3773 2034 3839 ἕρδε
2069 3770 2137 3824 H.
2188 3773 2313 3837 ἔρδε
2348 3772 2417 3837 ἂρ
2456 3771 2614 3824 οὔτοι
2652 3767 2714 3823 G.

439 3846 564 3911 ἔρδε
600 3843 741 3910 ἀτὰρ
777 3842 846 3896 οὐ
883 3843 1095 3897 πάντες
1128 3839 1174 3892 Ε
1198 3846 1317 3906 441,
1340 3847 1422 3895 33.
1459 3843 1640 3907 αὐτὰρ
1676 3841 1836 3894 οὗτοι
1860 3839 1907 3891 Α
1952 3838 2086 3908 poll.
2112 3837 2245 3896 Lex.
2274 3845 2354 3904 75,
2380 3843 2462 3892 25.
2498 3840 2565 3891 οὔ
2602 3853 2715 3891 τοιε

437 3914 563 3967 οὔτι
596 3909 726 3963 MN.
763 3911 1130 3975 ἐπαινέςομεν
1164 3908 1336 3962 Mose.
1378 3915 1426 3962 1.
1463 3939 1527 3948 —-
1564 3914 1630 3962 30
1663 3910 1735 3975 τή
1701 3910 1834 3975 ήνδε
1869 3857 2029 3959 ΗΡ-
2062 3913 2128 3961 33
2165 3907 2326 3960 εὐκτ·
2346 3923 2516 3972 μενον
2552 3904 2622 3958 D.
2650 3936 2717 3944 —-

436 3986 504 4035 34
539 3981 642 4045 ςύγ
646 3979 932 4032 ’ἐλθοθςα
955 3977 1025 4030 Η.
1050 4006 1115 4016 -
1139 3983 1205 4031 35
1241 3979 1370 4043 βεβρ
1374 3978 1539 4031 ώθεις
1563 3975 1701 4030 Mor.
1728 4006 1793 4014 —
1817 3981 1882 4030 36
1907 3977 2115 4029 ἄλλους
2138 3978 2203 4029 τὲ
2229 3974 2325 4029 CH
2387 3979 2623 4042 ,τρῷας
2649 3972 2717 4031 G.

436 4079 504 4088 —
539 4054 604 4103 37
605 3996 803 4114 γὲρξον
839 4044 1065 4100 HLMO.
1100 4046 1260 4113 ἐρξον
1295 4047 1361 4098 A.

573 4233 638 4285 A.
679 4251 726 4287 c.
781 4240 842 4288 17
888 4229 986 4287 αὖ
1002 4250 1126 4287 πως
1171 4231 1548 4287 Aristarchus:
1605 4231 1831 4301 Arisbop
1834 4229 2007 4284 hanes
2061 4231 2132 4286 αὖ
2188 4229 2303 4285 τὼς
2359 4228 2454 4282 vel
2506 4230 2713 4287 αὔτως.

437 4300 847 4381 Aristophanes
881 4303 1129 4366 γένοιτο.
1175 4303 1407 4356 πέλοιτο
1452 4249 1831 4355 Aristarchusp
1875 4301 2005 4368 Axt.
2044 4298 2289 4357 Coniect
2326 4296 2490 4356 Hom.
2535 4298 2715 4368 (1861)

435 4384 532 4441 pg.
571 4373 603 4423 5
638 4368 879 4424 coniecit
912 4369 962 4425 εί
995 4370 1063 4437 δή
1099 4385 1224 4424 πως
1259 4370 1354 4425 vel
1388 4369 1438 4425 εἰ
1470 4372 1521 4424 δ
1554 4369 1658 4423 οὖν
1693 4383 1835 4423 πως.
