3144 5006
504 463 625 528 198
1112 497 1117 503 -
1427 460 1760 516 ιΛιΑΔο(
1816 460 1872 516 c.

671 618 839 682 ποίει
882 616 1153 681 δαίδαλα
1197 616 1411 681 πολλὰ
1456 614 1676 700 ἰδυίῃςι
1721 613 2156 694 πραπίδεςςιν.

849 719 921 784 ἐν
966 720 1081 797 μὲν
1124 721 1317 794 γαῖαν
1363 717 1583 800 ἔτευξ’,
1628 717 1699 783 ἐν
1745 717 1803 781 δ’
1851 716 2167 798 οὐρανόν,
2212 716 2284 782 ἐν
2328 716 2402 780 δὲ
2445 714 2820 796 θάλαςςαν,

679 820 896 899 ἠέλιόν
941 821 995 884 τ’
1040 820 1368 898 ἀκάμαντα
1411 821 1684 899 ςελήνην
1727 839 1796 884 τε
1840 820 2241 901 πλήθουςαν,

502 928 625 988 485
672 923 743 988 ἐν
789 923 861 987 δὲ
904 922 983 987 τὰ
1024 920 1237 1000 τείρεα
1279 921 1524 1004 πάντα,
1568 921 1649 985 τά
1689 921 1748 985 τ’
1791 920 2074 1001 οὐρανὸς
2116 918 2584 1001 ἐςτεφάνωται,

672 1023 1002 1103 Πληιάδας
1046 1023 1104 1087 θ’
1147 1023 1385 1088 Ὑάδας
1426 1043 1529 1103 τε,
1576 1020 1652 1088 τό
1693 1042 1766 1088 τε
1809 1024 2030 1089 ςθένος
2073 1021 2386 1102 Ὠρίωνος

677 1125 915 1205 ἀρκτόν
960 1126 1037 1208 θ’,
1081 1125 1161 1203 ἣν
1206 1126 1309 1190 καὶ
1352 1123 1596 1206 ἄμαξαν
1642 1124 1960 1203 ἐπίκληςιν
2004 1125 2372 1203 καλέουςιν,

677 1227 716 1305 ἥ
762 1228 816 1292 τ’
861 1226 1062 1292 αὐτοῦ
1107 1226 1442 1309 (τρέφεται
1484 1227 1588 1292 καί
1631 1226 1685 1292 τ’
1729 1224 2008 1305 Ὠρίωνα
2052 1225 2329 1297 δοκεύει,

684 1328 785 1407 οἴη
833 1329 890 1393 δ’
933 1325 1218 1408 ἄμμορός
1264 1328 1390 1394 ἐςτι
1436 1330 1725 1408 λοετρῶν
1771 1327 2127 1394 Ὠκεανοῖο.

502 1436 629 1496 490
841 1430 913 1496 ἐν
957 1433 1030 1496 δὲ
1076 1431 1213 1497 δύω
1257 1430 1480 1510 ποίηςε
1523 1431 1745 1495 πόλεις
1790 1430 2092 1511 μερόπων
2137 1428 2505 1509 ἀνθρώπων

676 1532 891 1599 καλάς.
984 1533 1055 1597 ἐν
1098 1538 1174 1616 τῇ
1220 1533 1336 1611 μέν
1382 1531 1464 1612 ῥα
1506 1531 1697 1611 γάμοι
1738 1532 1795 1596 τ’
1838 1531 1988 1598 ἔςαν
2033 1530 2348 1598 εἰλαπίναι
2391 1552 2489 1610 τε,

676 1635 931 1715 νύμφας
976 1635 1034 1699 δ’
1078 1634 1147 1700 ἐκ
1189 1633 1495 1713 θαλάμων
1541 1635 1788 1699 δαΐδων
1833 1632 1963 1699 ὕπο
2009 1633 2477 1715 λαμπομενάων

675 1736 939 1816 ἠγίνεον
984 1736 1111 1802 ἀνὰ
1154 1735 1333 1813 ἀςτυ,
1380 1736 1587 1801 πολὺς
1632 1737 1689 1801 δ’
1732 1735 2033 1817 ὑμέναιος
2078 1734 2345 1814 ὀρώρει·

677 1842 900 1917 κοῦροι
945 1840 1001 1902 δ’
1045 1837 1430 1918 ὀρχηςτῆρες
1475 1835 1757 1920 ἐδίνεον,
1801 1836 1873 1904 ἐν
1920 1837 1977 1903 δ’
2021 1836 2148 1916 ἀρα
2189 1840 2392 1903 τοῑςιν

507 1945 634 2004 495
682 1940 868 2004 αὐλοὶ
913 1939 1267 2021 φόρμιγγές
1310 1959 1381 2004 τε
1425 1942 1589 2020 βοὴν
1633 1937 1817 2019 ἔχον·
1864 1938 1927 2004 αἱ
1971 1941 2043 2004 δὲ
2084 1941 2380 2015 γυναῖκες

674 2041 997 2122 ἱςτάμεναι
1041 2043 1370 2123 θαύμαζον
1413 2041 1517 2107 ἐπὶ
1558 2040 1973 2121 προθύροιςιν
2019 2040 2262 2120 ἑκάςτη.

684 2144 830 2210 λαοὶ
873 2144 930 2207 δ’
975 2142 1068 2209 εἰν
1114 2142 1319 2228 ἀγορῇ
1364 2143 1515 2210 ἔςαν
1560 2142 1822 2223 ἀθρόοι·
1867 2142 2025 2209 ἔνθα
2068 2145 2142 2208 δὲ
2183 2146 2393 2210 νεῖκος

678 2246 956 2326 ὠρώρει,
1003 2245 1123 2310 δύο
1170 2245 1228 2309 δ’
1271 2243 1504 2325 ἄνδρες
1547 2243 1831 2312 ἐνείκεον
1875 2244 2092 2312 εἵνεκα
2135 2246 2363 2321 ποινῆς

678 2347 919 2426 ἀνδρὸς
964 2346 1444 2427 ἀποφθιμένου·
1492 2348 1531 2413 ὃ
1579 2348 1694 2427 μὲν
1740 2345 1965 2428 εὔχετο
2008 2344 2197 2410 πάντ’
2238 2344 2604 2413 ἀποδοῦναι

512 2456 636 2516 500
680 2450 859 2534 δήμῳ
904 2448 1319 2530 πιφαύςκων,
1366 2448 1405 2514 ὃ
1452 2449 1509 2515 δ’
1551 2449 1855 2516 ἀναίνετο
1898 2450 2095 2529 μηδὲν
2139 2448 2414 2514 ἑλὲςθαι·
2473 2514 2481 2522 ,

689 2552 885 2633 ἄμφω
933 2549 991 2615 δ’
1033 2549 1244 2629 ἱέςθην
1290 2551 1392 2616 ἐπὶ
1434 2550 1637 2633 ἴςτορι
1682 2555 1911 2631 πεῖραρ
1957 2550 2220 2617 ἑλέςθαι.
2273 2578 2278 2585 ·

648 2787 718 2842 V.
757 2805 806 2841 1..
875 2793 977 2843 482
1013 2787 1264 2852 εἰδυίηιςῑ
1307 2787 1348 2842 C
1387 2786 1543 2842 Vrat.
1572 2790 1637 2842 A.
1677 2787 2196 2843 ΠΟΛΛΕΙΔΥΙΗΙΕΙ
2224 2788 2343 2856 Syr.
2381 2789 2554 2843 πόλλ’
2576 2788 2808 2859 εἰδυίῃςι

511 2856 696 2912 Schol.
741 2855 902 2913 Pind.
948 2855 1110 2913 Nem.
1156 2855 1250 2913 IV.
1289 2863 1382 2922 95,
1430 2856 1576 2912 conf.
1623 2855 1774 2910 Euslz.
1815 2860 1960 2913 1154.
2006 2862 2088 2909 35.
2135 2875 2177 2910 π
2255 2857 2466 2912 πίδεςιν
2499 2855 2564 2909 Ε.
2601 2887 2668 2897 -·
2703 2863 2805 2912 483

510 2928 572 2980 ἓν
620 2926 720 2991 μὲν
758 2971 770 2983 .
809 2964 822 2979 .
859 2926 923 2979 ἐν
968 2926 1020 2979 δ’
1057 2968 1070 2980 .
1108 2965 1121 2978 .
1160 2964 1172 2977 .
1221 2926 1284 2979 ἐν
1327 2926 1388 2978 δὲ
1442 2925 1510 2981 A.
1566 2930 1734 2991 γαῖαν
1776 2925 1929 2978 τεῦξ’
1980 2922 2129 2981 Vrat.
2219 2965 2229 2977 .
2273 2924 2341 2982 A.
2394 2928 2598 2980 τεῦξεν
2647 2924 2806 2980 Eunt.

514 3000 661 3059 1153,
699 2999 766 3048 60
789 3023 854 3031 —-
882 2998 998 3047 ,485
1034 2992 1096 3046 ἐν
1131 2993 1193 3045 δέ
1228 3009 1293 3046 τε
1329 2990 1372 3045 L
1405 2991 1468 3046 Li
1513 3010 1553 3045 s.
1593 2991 1751 3046 Harl.
1792 2993 1855 3045 ἐν
1891 2992 1952 3045 δέ
1986 2992 2042 3045 τ’
2075 2992 2303 3058 ἀτείρεα
2337 2992 2405 3045 D.
2444 2992 2619 3046 ceteri
2654 2994 2717 3047 ἐν
2741 2996 2806 3049 δὲ

1473 3010 1603 3113 ΙἰιοΙ.
1651 3060 1690 3114 C
1724 3064 1841 3114 468.
1889 3059 2088 3113 Euseb.
2133 3058 2278 3114 Prae
2326 3104 2336 3114 .
2374 3059 2472 3113 Ev.
2508 3059 2670 3126 XIII,
2724 3069 2807 3126 13,

511 3135 593 3183 26.
634 3128 853 3184 Heracl.
893 3127 1017 3181 Alle
1064 3168 1076 3179 .
1112 3144 1159 3181 ο.
1197 3133 1279 3186 48.
1331 3158 1392 3167 -
1440 3134 1539 3182 487
1590 3129 1804 3195 ἄρκτόν
1840 3129 1905 3180 Α.
1951 3128 1987 3181 ἅ
2029 3131 2168 3182 αξαν
2203 3126 2243 3182 C
2295 3126 2444 3181 GHL
2478 3127 2807 3184 Athenaeus

511 3197 609 3265 XI,
643 3204 761 3253 490.
799 3196 1024 3251 ΚΑΛΕΟ
1082 3196 1139 3250 Cl
1179 3196 1297 3264 Syr.
1335 3225 1401 3236 —
1435 3203 1537 3252 489
1574 3198 1822 3263 ἄμμορος
1858 3196 1970 3251 ἐςτί
2041 3235 2055 3249 .
2091 3225 2159 3235 --
2193 3201 2294 3249 490
2329 3199 2431 3250 δύο
2466 3194 2621 3250 Euat.
2649 3203 2801 3262 1155,

516 3272 598 3319 12.
643 3269 790 3323 1157.
827 3270 874 3318 5.
915 3292 976 3302 -
1014 3269 1111 3317 491
1151 3265 1253 3329 μὲν
1288 3265 1360 3331 ῥὰ
1396 3263 1508 3319 GL.
1546 3294 1608 3303 —
1646 3270 1747 3318 492
1783 3264 1899 3318 ὑπὸ
1935 3261 2035 3317 AG
2073 3261 2255 3319 Sohol.
2292 3262 2452 3317 Pind.
2492 3262 2576 3317 Ol.
2614 3263 2714 3332 IV,
2750 3271 2803 3323 3.

511 3334 669 3387 ΥΠΟ
708 3331 829 3401 Syr.
866 3333 1407 3398 ύπολαμπομενάων
1452 3330 1709 3388 CDEHL.
1748 3361 1814 3370 —
1857 3337 1957 3387 493
1994 3331 2136 3385 ἀνὰι
2172 3333 2316 3386 κατὰ
2361 3331 2399 3385 S
2433 3329 2581 3389 Flor.
2617 3332 2805 3402 Apoll.

517 3399 689 3470 Soph.
726 3405 809 3463 82,
851 3405 932 3453 13.
969 3427 1032 3436 -
1071 3404 1173 3454 496
1209 3401 1301 3454 ἐπι
1335 3398 1404 3458 D.
1441 3429 1503 3440 -
1539 3406 1640 3455 497
1676 3400 1876 3455 ἐνθάδε
1913 3397 1975 3456 D.
2016 3401 2219 3464 ἔνθαγε
2253 3398 2314 3457 L.
2351 3430 2417 3439 —
2452 3403 2554 3453 498
2588 3400 2709 3454 δύω
2736 3398 2804 3454 G.

519 3498 585 3507 —
621 3473 721 3521 499
756 3468 789 3521 δ
836 3467 939 3533 μὲν
975 3464 1032 3523 C.
1072 3495 1139 3505 —
1183 3474 1283 3522 500
1327 3469 1632 3535 πιφάςκων
1666 3466 1824 3522 Vrat.
1877 3467 1946 3523 A.
1999 3467 2031 3521 δ
2077 3468 2127 3520 δ’
2159 3465 2229 3521 D.
2282 3468 2369 3521 ὅδ’
2403 3464 2569 3522 CGH.
2604 3497 2671 3507 ——
2707 3474 2803 3523 501

513 3560 697 3617 omitt.
734 3558 795 3613 L.
845 3559 1035 3627 ίέςθην
1084 3560 1151 3613 G.
1194 3544 1385 3628 ’ίὲςθην
1431 3561 1499 3615 A.
1542 3561 1721 3628 ἵςτορι
1756 3559 1823 3620 G.
1873 3560 2139 3629 ἑπιίςτωρ
2184 3561 2319 3628 πίαρ
2357 3561 2574 3616 ἑλέςθαι
2619 3559 2805 3630 Apoll.

515 3627 686 3697 Soph.
724 3634 809 3696 93,
847 3634 896 3682 2.
936 3634 1137 3695 πεῖραν
1174 3629 1387 3683 ἑλέςθαι
1424 3628 1475 3683 S.

510 3064 580 3115 τά
617 3078 745 3115 oum
781 3059 1075 3115 Athenaeo
1120 3058 1215 3117 Xl.
1256 3066 1372 3115 490.
1419 3060 1486 3115 Sc

647 3869 715 3922 A.
752 3886 798 3921 c.
869 3872 1142 3923 483—608
1193 3866 1518 3935 Ζηνόδοτος
1575 3869 1853 3936 ἠθέτηκεν
1905 3868 2022 3922 ἀπὸ
2076 3868 2289 3921 τούτου
2344 3871 2450 3920 τοῦ
2494 3867 2683 3936 ςτίχου
2733 3869 2806 3921 τὰ

514 3939 711 4005 λοιπά,
772 3938 1058 4004 ἀρκεςθεὶς
1115 3941 1202 4004 τῷ
1262 3936 1638 4002 κεφαλαιώδει
1697 3937 2022 4003 προεκθέςει
2076 3934 2545 4011 Aristonicus.
2591 3965 2661 3974 —
2703 3941 2807 3991 485

516 4008 762 4073 οὐρανὸς
806 4006 1223 4072 ἐςτεφάνωταιι
1277 4005 1582 4069 ζηνόδοτος
1629 4004 1878 4072 οὐρανὸν
1921 4019 2187 4082 ,εςτηρικη
2244 4005 2375 4070 (mel
2430 4001 2610 4058 Bekk.
2650 4004 2808 4071 ἑςτή·

516 4074 1118 4210 &xstzssssssfffgess‘ssss
1154 4069 2235 4210 ῗύἒῗνὲἔηὲεῗξέιῖωέἓριῗιὲἕῗὶῗὶ
2253 4075 2472 4194 ῖεῖἓί
2507 4072 2806 4204 &lazazei

515 4211 819 4279 Ζηνόδοτος
855 4208 913 4263 ἐς
950 4181 1263 4274 θαλάμούς,
1302 4210 1392 4262 καὶ
1428 4186 1577 4264 ἐςτιν
1613 4209 1719 4263 οὐκ
1754 4180 2029 4262 ἀπίθανοέ
2064 4208 2100 4274 ἡ
2137 4208 2331 4273 γραφή
2366 4205 2713 4275 Didymus.
2738 4239 2807 4249 -—

515 4284 617 4332 499
661 4277 1082 4361 ἀποφθιμένουι
1131 4278 1284 4343 παρὰ
1330 4278 1646 4397 ζηνοδότῢ.
1670 4277 2070 4341 ἀποκταμένου
2116 4276 2207 4330 καί
2240 4275 2302 4329 ἐν
2347 4279 2470 4329 ταῖς
2506 4273 2805 4333 πλείςταις.

519 4348 610 4398 καὶ
647 4347 798 4400 ἐςτιν
834 4361 939 4399 ουκ
977 4344 1249 4399 ἀπίθανος
1274 4346 1310 4412 ἡ
1337 4360 1532 4412 γραφη
1629 4344 1913 4413 idymus.
1948 4372 2015 4383 —
2050 4348 2147 4398 501
2185 4343 2427 4398 ἑλὲςθαιε
2466 4344 2618 4413 παρὰ
2640 4345 2802 4410 ζηνο-

516 4413 670 4482 δότῳ
707 4413 929 4479 ἀρέςθαι
964 4410 1316 4480 Didymus.
1572 4452 1586 4457 -
