3144 5006
514 457 635 524 142
1440 461 1774 518 ιΛιΑΔος
1829 461 1888 515 Ρ.

552 618 636 677 30
679 613 883 698 ςτήῃς.
971 594 1139 678 ἀλλά
1182 614 1236 679 ς’
1277 614 1406 691 ἐγώ
1450 614 1511 692 γ’
1555 614 2061 695 ἀναχωρήςαντα
2103 615 2346 681 κελεύω

676 715 743 782 ἐς
786 716 1037 795 πληθὺν
1084 715 1274 794 ἰέναι,
1322 719 1403 798 μὴ
1447 717 1506 782 δ’
1548 716 1768 783 ἀντίος
1809 717 2005 782 ἴσας’
2049 717 2261 801 ἐμεῖο,

679 816 834 896 πρίν
876 838 935 882 τι
980 818 1178 882 κακὸν
1223 818 1516 884 παθέειν·
1561 817 1789 898 ῥεχθὲν
1835 819 1905 884 δέ
1949 838 2019 884 τε
2064 820 2298 900 νήπιος
2341 819 2531 896 ἔγνω.

856 919 946 984 ὣς
977 920 1182 1003 φάτο,
1225 920 1344 987 τὸν
1383 918 1440 986 δ’
1473 918 1553 983 οὐ
1585 924 1807 987 πεῖθεν
1829 940 1844 955 ·
1889 920 2307 1003 ἀμειβόμενος
2336 922 2407 988 δὲ
2436 913 2775 1000 προςηύδα
2795 942 2810 956 ·

681 1025 802 1088 νῦν
849 1024 966 1101 μὲν
1012 1022 1090 1101 δὴ
1140 1022 1434 1087 Μενέλαε
1479 1024 1821 1104 διοτρεφὲς
1862 1020 1902 1102 ἦ
1949 1023 2116 1103 μάλα
2156 1022 2341 1089 τίςεις

555 1129 633 1187 35
678 1124 934 1200 γνωτὸν
980 1122 1167 1201 ἐμόν,
1211 1125 1329 1189 τὸν
1376 1124 1689 1209 ἔπεφνες,
1735 1125 2166 1205 ἐπευχόμενος
2210 1125 2269 1190 δ’
2312 1124 2675 1208 ἀγορεύεις,

682 1225 974 1305 χήρωςας
1020 1225 1091 1290 δὲ
1133 1228 1404 1302 γυναῖκα
1448 1234 1630 1312 μυχῷ
1676 1228 1990 1307 θαλάμοιο
2034 1227 2248 1303 νέοιο,

686 1325 928 1406 ἀρητὸν
972 1327 1045 1391 δὲ
1089 1331 1338 1392 τοκεῦςι
1379 1328 1545 1404 γόον
1590 1330 1689 1395 καὶ
1732 1330 1975 1395 πένθος
2019 1328 2266 1409 ἔθηκας.

681 1428 721 1507 ἦ
766 1428 837 1492 κέ
882 1448 1033 1510 ςφιν
1077 1432 1339 1496 δειλοῖςι
1381 1430 1548 1507 γόου
1592 1432 1974 1511 κατάπαυμα
2015 1430 2353 1510 γενοίμην,

684 1527 743 1594 εἴ
784 1549 893 1595 κεν
940 1529 1069 1608 ἐγὼ
1116 1533 1406 1612 κεφαλήν
1448 1553 1517 1598 τε
1561 1534 1716 1613 τεὴν
1760 1533 1860 1598 καὶ
1903 1533 2112 1612 τεύχε’
2155 1531 2399 1598 ἐνείκας

553 1636 639 1694 40
679 1631 923 1715 Πάνθῳ
970 1632 1041 1697 ἐν
1086 1633 1351 1712 χείρεςςι
1399 1636 1575 1716 βάλω
1622 1636 1725 1699 καὶ
1766 1634 2067 1714 Φρόντιδι
2113 1635 2227 1719 δίῃ.

682 1732 824 1798 ἀλλ’
867 1734 947 1800 οὐ
992 1736 1118 1814 μὰν
1165 1734 1258 1799 ἔτι
1301 1738 1501 1816 δηρὸν
1548 1736 1894 1817 ἀπείρητος
1938 1736 2145 1802 πόνος
2190 1736 2357 1802 ἔςται

685 1834 841 1900 οὐδέ
882 1835 937 1900 τ’
982 1835 1316 1928 ἀδήριτος,
1361 1838 1400 1916 ἤ
1445 1837 1500 1903 τ’
1543 1837 1739 1916 ἀλκῆς
1783 1838 1822 1916 ἤ
1866 1858 1935 1902 τε
1980 1838 2241 1919 φόβοιο.

861 1936 952 2001 ὣς
998 1937 1201 2005 εἰπὼν
1248 1938 1475 2019 οὔτηςε
1519 1939 1657 2004 κατ’
1702 1938 1936 2005 ἀςπίδα
1978 1939 2242 2004 πάντος’
2285 1937 2483 2017 ἐίςην·

689 2038 830 2104 οὐδ’
875 2038 1138 2120 ἔῤῥηξεν
1183 2040 1453 2125 χαλκός,
1500 2040 1922 2121 ἀνεγνάμφθη
1968 2040 2040 2106 δέ
2086 2039 2150 2107 οἱ
2194 2039 2378 2120 αἰχμὴ

556 2146 637 2204 45
685 2139 899 2207 ἀςπίδι
945 2140 1017 2207 ἐν
1060 2149 1350 2227 κρατερῇ.
1441 2143 1479 2207 ὃ
1528 2144 1600 2207 δὲ
1644 2142 1947 2221 δεύτερος
1992 2143 2246 2221 ὤρνυτο
2291 2144 2508 2227 χαλκῷ

685 2242 1003 2322 Ἀτρείδης
1051 2243 1386 2310 Μενέλαος
1428 2244 1861 2325 ἐπευξάμενος
1905 2245 2017 2309 Διὶ
2058 2244 2276 2325 πατρί,

687 2343 781 2423 ἂψ
827 2344 885 2409 δ’
929 2342 1439 2426 ἀναχαζομένοιο
1483 2346 1646 2411 κατὰ
1690 2345 2033 2426 ςτομάχοιο
2078 2347 2349 2426 θέμεθλα

685 2446 840 2531 νύξ’,
887 2445 992 2512 ἐπὶ
1036 2447 1092 2513 δ’
1136 2446 1332 2515 αὐτὸς
1374 2447 1575 2529 ἔρειςε
1621 2448 1840 2532 βαρείῃ
1887 2450 2047 2529 χειρὶ
2088 2449 2380 2529 πιθήςας·

687 2548 946 2628 ἀντικρὺ
992 2550 1050 2615 δ’
1092 2550 1376 2617 ἁπαλοῖο
1420 2551 1501 2616 δι’
1543 2550 1821 2630 αὐχένος
1865 2551 2049 2631 ἤλυθ’
2092 2551 2324 2631 ἀκωκή.

564 2656 646 2714 50
688 2650 1009 2729 δούπηςεν
1053 2653 1124 2718 δὲ
1168 2654 1418 2737 πεςών,
1464 2652 1740 2736 ἀράβηςε
1785 2655 1857 2720 δὲ
1898 2655 2107 2735 τεύχε’
2151 2653 2251 2720 ἐπ’
2294 2653 2490 2737 αὐτῷ.

655 2819 724 2879 V.
763 2839 815 2873 r..
888 2826 956 2874 30
990 2822 1163 2890 ςτήῃς
1199 2818 1395 2875 ADGL
1442 2819 1623 2879 Cram.
1669 2820 1773 2891 Ep.
1815 2828 1935 2889 430,
1972 2828 2057 2879 27.
2099 2826 2201 2892 ςτῄ
2244 2838 2271 2876 ς
2317 2820 2476 2876 ΟΕΗ.
2522 2827 2693 2890 ςτῇης
2739 2822 2806 2874 G.

516 2889 687 2955 ἔγωγ’
720 2887 967 2942 ADEHL
1004 2888 1160 2943 Cant.
1197 2888 1336 2943 Mor.
1371 2887 1524 2946 Harl.
1560 2887 1721 2943 Vrat.
1758 2906 1807 2949 a.
1843 2892 1898 2948 b.
1937 2890 1989 2945 d.
2026 2840 2399 2960 frgm.rlaosc.
2436 2887 2586 2958 Lips.
2623 2891 2805 2955 ἔγωγε

518 2957 559 3012 C
596 2956 753 3012 Vrat.
788 2959 840 3011 A
874 2955 1017 3015 F'lor.
1061 2959 1177 3022 ἔγω
1215 2955 1264 3011 G
1298 2957 1459 3011 Rom.
1506 2986 1575 2996 -
1618 2963 1680 3011 31
1723 2959 1807 3014 ke:
1854 2959 1934 3014 εἰς
1969 2957 2015 3010 Ε
2056 2964 2202 3024 1093,
2243 2963 2323 3012 19.
2369 2957 2583 3023 ἱέμεναι
2618 2956 2687 3010 Η.
2732 2960 2806 3024 μὴ

516 3027 567 3079 δ’
602 3023 864 3081 ACGHL.
903 3026 1031 3092 μήδ’
1066 3023 1127 3084 Ε.
1173 3056 1238 3065 -
1283 3031 1350 3080 34
1384 3027 1685 3093 δῖοτροφὲς
1722 3026 1788 3083 Η.
1832 3028 1869 3093 ἦ
1905 3028 2051 3092 τάχα
2086 3025 2145 3079 L.
2195 3053 2260 3064 —·
2306 3030 2372 3080 37
2409 3028 2624 3094 ἀρητὸν
2661 3025 2808 3077 ADE

518 3093 681 3147 Rom.
719 3093 908 3164 Apoll.
948 3094 1020 3149 So
1063 3092 1117 3151 h.
1155 3099 1238 3158 43,
1277 3098 1358 3151 26.
1396 3092 1482 3147 Et.
1518 3093 1632 3163 ΜΒ.
1672 3100 1788 3161 140,
1823 3101 1907 3153 40.
1952 3096 2200 3163 ᾰῤῥητον
2235 3110 2335 3147 seu
2372 3095 2624 3161 ἄρρητον
2662 3092 2807 3146 CGH

518 3160 604 3239 1¹3.
635 3161 781 3231 Lipe.
819 3160 962 3219 Mor.
1040 3162 1148 3216 raiz.
1186 3161 1252 3214 A.
1279 3160 1335 3216 d.
1363 3159 1511 3214 Flor.
1551 3164 1641 3216 ὅτι
1675 3164 1736 3218 δὲ
1769 3163 1839 3217 τὸ
1877 3163 1946 3230 ἀρ
1986 3163 2091 3216 τὸν
2127 3164 2336 3217 πένθος
2371 3164 2622 3240 ἄρρητόν
2655 3177 2808 3215 τινες

521 3230 794 3297 γράφουςι
830 3232 1006 3298 δῆλον
1042 3228 1199 3284 Eust.
1238 3234 1382 3290 1093,
1421 3234 1504 3283 60.
1537 3258 1607 3269 —-
1643 3237 1707 3285 38
1743 3233 1779 3298 ἦ
1815 3232 1909 3285 καί
1989 3277 2002 3288 .
2038 3260 2106 3269 -
2141 3235 2208 3284 39
2241 3246 2307 3284 τε
2344 3230 2526 3283 om1tt.
2550 3228 2619 3282 H.
2658 3228 2720 3281 Li
2763 3246 2803 3280 s.

519 3327 590 3337 —
622 3303 690 3352 40
726 3300 876 3352 πάνθ
967 3298 1050 3351 ἐνὶ
1086 3296 1234 3366 Lips.
1268 3295 1500 3351 mallem
1537 3300 1777 3368 πανθόῳ
1815 3299 1895 3353 ἐν.
1933 3329 1995 3338 -
2032 3303 2099 3352 42
2137 3299 2261 3352 οὐδ’
2294 3299 2375 3352 ἔτ’
2413 3297 2570 3354 Vrat.
2608 3298 2674 3350 A.
2721 3246 2811 3363 ξδ’

520 3366 696 3431 ἀλκῆς
772 3367 833 3419 δὲ
912 3364 956 3419 L
990 3364 1216 3423 Baroeo.
1255 3364 1413 3419 Harl.
1451 3363 1663 3420 Townl.
1689 3365 1845 3425 Vrat.
1883 3365 1940 3420 b.
1967 3367 2034 3421 A.
2059 3365 2224 3436 frgm.
2263 3365 2436 3419 Μοεο.
2475 3367 2601 3420 οὔτ’
2634 3366 2808 3432 ἀλκῆς

519 3435 653 3488 οὔτε
690 3431 735 3485 Ε
789 3431 882 3487 HS
907 3433 1056 3490 Flor.
1094 3433 1256 3489 Rom.
1285 3463 1348 3472 —
1384 3439 1452 3487 43
1490 3434 1769 3500 πάντοςε,
1803 3438 1931 3502 ῖςην
1954 3434 2020 3486 A.
2062 3438 2308 3488 πάντοςε
2345 3434 2470 3502 ἷςην
2493 3433 2553 3487 L.
2594 3433 2808 3488 πάντος

519 3570 673 3637 ἐῖςην
708 3568 773 3622 G.
809 3598 876 3609 —
910 3574 978 3623 44
1023 3570 1220 3637 ἔρρηξε
1264 3566 1361 3621 EG
1399 3568 1554 3622 Vrat.
1591 3572 1656 3625 A.
1702 3570 1848 3624 Flor.
1894 3569 2051 3627 Rom.
2125 3571 2298 3625 αλκὸς
2333 3568 2446 3623 AL.
2531 3529 2707 3623 (1).va
2741 3568 2808 3621 H.

521 3637 798 3705 γράφεται
851 3638 972 3692 οὐδ’
1025 3639 1220 3706 ἔρρηξε
1274 3638 1483 3703 χαλκός
1529 3635 1689 3692 Euat.
1747 3644 1907 3700 1094,
1948 3645 2028 3696 14.
2120 3639 2416 3705 νεγνάμφη
2527 3635 2586 3694 L.
2631 3667 2698 3677 —
2743 3642 2809 3690 45

517 3707 699 3760 ἀςπίδι
736 3706 799 3759 ἐν
833 3704 980 3760 ACH
1017 3704 1180 3775 frgm.
1226 3703 1394 3761 Mose.
1442 3704 1628 3760 ἀςπίδι
1675 3707 1758 3759 ἐνὶ
1804 3705 1841 3759 S
1885 3704 2100 3764 Townl.
2150 3704 2307 3761 Vrat.
2355 3704 2408 3761 d.
2458 3704 2603 3759 Flor.
2648 3704 2807 3760 Rom.

520 3774 612 3828 vul
657 3789 689 3827 ο
726 3774 910 3829 ἀςπίδ’
944 3775 1055 3840 ἐνὶ,
1105 3772 1248 3828 conf.
1293 3772 1363 3828 Η.
1409 3770 1477 3825 U.
1530 3778 1643 3828 127.
1697 3775 1906 3843 ὄρνυτο
1950 3774 2180 3830 Barocc.
2242 3804 2300 3812 —
2353 3779 2418 3827 47
2458 3789 2603 3827 κατα
2638 3773 2705 3830 A.
2745 3802 2810 3809 —

517 3847 585 3897 49
659 3844 852 3910 ντικρὺ
889 3841 1022 3895 libri
1057 3858 1186 3895 cum
1229 3840 1415 3911 Apoll.
1452 3838 1623 3911 Soph.
1661 3848 1744 3909 32,
1792 3848 1842 3897 6.
1880 3841 2065 3900 Schol.
2101 3841 2247 3895 Plat.
2286 3839 2570 3895 Charmid.
2609 3847 2706 3894 153
2742 3841 2813 3893 A.

523 3976 706 4032 Schol.
735 3979 772 4035 Ρ
822 3982 907 4033 47.
929 3978 982 4031 δ’
1005 3912 1107 4032 ‹let‘
1128 3978 1365 4044 αὐχένος
1401 3939 1648 4033 ἁπάιλοῖο
1671 3927 1836 4045 ἦλγυθ’
1871 3978 1939 4033 H.
1962 4006 2027 4017 --
2054 3985 2119 4033 50
2144 3979 2388 4045 δούπηςε
2415 3974 2464 4029 G
2488 3976 2639 4046 Lips.
2666 3975 2808 4032 Flor.

655 4132 724 4184 A.
755 4147 802 4182 0.
875 4136 1077 4185 30-32
1114 4130 1393 4196 asterisci3
1430 4131 1536 4187 οὐκ
1574 4131 1760 4199 ὀρθῶς
1796 4134 1847 4187 Υ
1878 4136 2163 4186 196-198,
2201 4161 2268 4172 -
2304 4135 2371 4185 34
2407 4130 2582 4197 μάλαε
2619 4130 2683 4183 ἐν
2707 4145 2810 4183 τιςι

521 4203 641 4253 τῶν
685 4199 1118 4266 ὑπομνημάτων
1163 4199 1200 4265 ἢ
1244 4200 1389 4265 τάχα
1433 4200 1601 4255 τίςεις
1647 4197 1832 4258 Schol.
1877 4199 1946 4254 V.
1991 4232 2056 4240 —
2099 4205 2163 4253 41
2203 4200 2314 4255 ἔτιε
2357 4200 2482 4251 κατ’
2524 4198 2646 4252 ἔνια
2688 4200 2812 4250 τῶν

524 4265 956 4333 ὑπομνημάτων
991 4267 1080 4321 διά
1113 4272 1217 4321 τοῦ
1255 4273 1297 4321 ft
1333 4268 1428 4321 ἐπὶ
1463 4268 1642 4335 δηρὸν
1677 4266 2024 4335 Didymus.
2063 4300 2125 4310 —
2162 4273 2231 4324 42
2266 4266 2591 4335 ἀρίςταρχος
2627 4265 2813 4331 ἀμφό-

526 4367 664 4417 τερα
700 4353 789 4404 διὰ
834 4355 939 4404 τοῦ
975 4339 1005 4404 δ
1043 4352 1132 4418 ἠδ’
1165 4353 1339 4420 ἀλκῆς
1373 4353 1475 4420 ἠδὲ
1510 4353 1714 4419 φόβοιο
1752 4352 2098 4421 Didymus.
2132 4385 2200 4396 -
2236 4359 2305 4408 44
2338 4355 2523 4409 οὕτως
2560 4350 2816 4418 ἀρίςταρ·

524 4433 622 4481 χος
657 4417 894 4484 χαλκός,
930 4417 1091 4473 ἄλλοι
1125 4420 1186 4474 δὲ
1224 4422 1434 4485 χαλκόν
1468 4419 1829 4489 Didymu's,
1864 4422 2011 4477 conf.
2048 4423 2121 4475 ad
2161 4425 2196 4479 Γ
2230 4427 2348 4477 348.
