3144 5006
398 3115 420 3129 Ι

335 3504 430 3559 7

341 4450 437 4521 N

457 420 541 484 74
1378 423 1715 479 ΙΛΙΑΔΟ(
1772 423 1836 482 Ο’.

626 578 841 657 ψυχρὴ
888 578 1017 643 ὑπὸ
1065 577 1251 656 ῥιπῆς
1296 577 1706 658 αἰθρηγενέος
1751 580 2024 659 βορέαο,

626 678 716 743 ὣς
760 683 1083 759 κραιπνῶς
1127 682 1395 759 μεμαυῖα
1439 679 1738 744 διέπτατο
1785 680 1955 744 ὠκέα
1998 679 2178 763 Ἶρις,

623 780 828 860 ἀγχοῦ
874 782 929 846 δ’
973 781 1269 861 ἱςταμένη
1313 780 1607 862 προςέφη
1653 784 1888 847 κλυτὸν
1933 781 2360 856 έννοςίγαιον·

800 884 1102 963 ἀγγελίην
1147 883 1289 948 τινά
1330 903 1429 948 τοι
1472 885 1742 963 γαιήοχε
1786 888 2178 963 κυανοχαῖτα

463 989 583 1047 175
625 984 827 1063 ἦλθον
874 990 1066 1065 δεῦρο
1112 986 1401 1065 φέρουςα
1444 987 1641 1064 παραὶ
1684 987 1846 1051 Διὸς
1890 985 2222 1065 αἰγιόχοιο.

624 1088 1032 1166 παυςάμενόν
1078 1088 1128 1153 ς’
1172 1087 1458 1152 ἐκέλευςε
1504 1088 1706 1167 μάχης
1751 1088 1863 1166 ἠδὲ
1908 1089 2259 1168 πτολέμοιο

620 1188 908 1268 ἔρχεςθαι
953 1191 1109 1268 μετὰ
1152 1192 1331 1270 φῦλα
1375 1194 1542 1254 θεῶν
1589 1191 1627 1268 ἢ
1674 1189 1760 1254 εἰς
1804 1190 1929 1255 ἅλα
1974 1193 2138 1255 δῖαν.

622 1292 676 1355 εἰ
721 1291 793 1355 δέ
838 1290 900 1356 οἱ
943 1290 1063 1355 οὐκ
1107 1291 1347 1356 έπέεςς’
1391 1291 1771 1374 ἑπιπείςεαι,
1816 1290 1958 1356 ἀλλ’
2001 1291 2358 1369 ἀλογήςεις,

619 1392 863 1471 ἠπείλει
907 1394 1011 1457 καὶ
1054 1395 1265 1458 κεῖνος
1309 1393 1667 1474 ἐναντίβιον
1714 1394 2073 1470 πολεμίξων

460 1482 578 1556 180
623 1494 837 1558 ἐνθάδ’
880 1494 1261 1560 έλεύςεςθαι·
1309 1496 1376 1559 ςὲ
1420 1496 1475 1558 δ’
1522 1494 1978 1560 ὑπεξαλέαςθαι
2021 1493 2259 1571 ἀνώγει

620 1599 866 1675 χεῖρας,
917 1597 1055 1662 ἐπεὶ
1098 1597 1206 1661 ςέο
1251 1598 1405 1677 φηςὶ
1451 1598 1548 1680 βίῃ
1595 1597 1765 1661 πολὺ
1811 1598 2125 1677 φέρτερος
2171 1595 2335 1660 εἶναι

619 1698 719 1761 καὶ
762 1704 951 1781 γενεῇ
998 1699 1340 1779 πρότερος·
1388 1700 1502 1764 ςόν
1548 1698 1605 1762 δ’
1650 1698 1767 1763 οὐκ
1810 1696 2022 1763 ὄθεται
2069 1698 2265 1779 φίλον
2311 1696 2469 1775 ἦτορ

620 1797 761 1864 ἶςόν
809 1799 870 1864 οἱ
913 1800 1182 1883 φάςθαι,
1225 1802 1341 1866 τόν
1384 1821 1452 1865 τε
1498 1802 1826 1878 ςτυγέουςι
1870 1801 1969 1865 καὶ
2013 1798 2222 1864 ἄλλοι.

668 1975 672 1979 ,
793 1903 912 1981 τὴν
958 1904 1029 1967 δὲ
1073 1902 1210 1980 μέγ’
1254 1902 1526 1982 ὀχθήςας
1569 1903 1862 1982 προςὲφη
1909 1902 2137 1967 κλυτὸς
2182 1903 2606 1976 έννοςίγαιος·

456 2007 575 2065 185
623 2003 678 2065 ὢ
724 2004 956 2081 πόποι,
1003 2004 1040 2082 ἦ
1088 2004 1145 2083 ῥ’
1190 2003 1429 2080 ἀγαθός
1473 2025 1595 2083 περ
1640 2005 1768 2070 ἐὼν
1816 2003 2193 2084 ὑπέροπλον
2240 2004 2477 2080 ἔειπεν,

623 2105 682 2169 εἴ
725 2105 784 2184 μ’
827 2105 1134 2186 ὁμότιμον
1180 2106 1377 2197 ἐόντα
1423 2107 1520 2189 βίῃ
1564 2105 1839 2171 ἀέκοντα
1884 2107 2144 2171 καθέξει.

615 2210 785 2285 τρεῖς
829 2207 951 2286 γάρ
996 2208 1050 2271 τ’
1095 2208 1164 2272 ἐκ
1212 2208 1459 2286 Κρόνου
1504 2208 1677 2287 εἰμὲν
1734 2207 2073 2288 ἀδελφεοί,
2133 2210 2247 2273 οὓς
2290 2209 2506 2273 τέκετο
2555 2207 2700 2272 Ῥέα
2715 2231 2759 2289 ‚1

581 2373 650 2427 V.
688 2393 736 2427 L.
814 2381 902 2429 171
948 2376 1086 2429 ὑπόε
1133 2378 1271 2429 ὑπαὶ
1307 2374 1706 2430 ACDEGHLS.
1751 2376 1909 2430 ΥΠΟ
1961 2375 2082 2443 Syr.
2119 2377 2260 2430 conf.
2301 2378 2356 2430 Μ
2382 2381 2497 2430 462.
2534 2379 2582 2431 Ξ
2615 2381 2734 2429 414.

447 2444 494 2496 Τ
532 2446 648 2496 358.
686 2443 736 2494 Φ
778 2448 855 2496 12.
892 2443 960 2495 Η.
997 2442 1064 2496 U.
1101 2448 1183 2496 62.
1223 2444 1582 2549 αίθιΞῚ-ῑενέος
1619 2446 1681 2496 A.
1720 2444 2066 2511 αίθρίγενέος
2094 2442 2153 2496 L.
2190 2475 2252 2484 -
2295 2451 2387 2498 172
2425 2446 2504 2498 ὡς
2542 2443 2640 2496 AD
2685 2452 2729 2497 1.

449 2561 597 2601 man.
634 2576 694 2583 —-
739 2550 838 2598 174
873 2552 1215 2613 κυανοχαῖτα
1259 2547 1327 2602 A.
1373 2577 1438 2585 —
1486 2551 1581 2599 175
1620 2564 1790 2614 παραι
1826 2547 1893 2600 D.
1939 2550 2092 2615 παρὰ
2127 2547 2314 2616 Apoll.
2361 2547 2528 2615 Soph.
2565 2553 2612 2611 7,
2652 2554 2730 2600 10.

452 2647 564 2712 πὰρ
601 2645 750 2714 Lips.
777 2677 841 2687 -
883 2653 977 2701 176
1002 2614 1353 2704 &fucat-:nce
1391 2665 1448 2701 ςε
1488 2649 1710 2702 κέλευςε
1746 2648 1832 2702 Es
1859 2647 1979 2717 Syr.
2004 2648 2164 2703 Cant.
2189 2648 2404 2703 Townl.
2442 2665 2497 2702 ςε
2536 2651 2731 2703 κέλευε

447 2713 602 2768 Vrat.
645 2715 692 2768 b.
736 2716 899 2785 frgm.
935 2713 1106 2769 Mose.
1143 2734 1229 2783 γρ.
1267 2717 1461 2771 κέλευε
1495 2718 1563 2769 A.
1606 2734 1664 2770 ςε
1701 2719 1923 2772 κέλεται
1949 2716 2041 2771 AC
2078 2716 2142 2771 Li
2185 2735 2225 2775 s.
2264 2722 2357 2784 (an
2394 2716 2617 2770 κέλεταί
2652 2718 2733 2781 ςε)

445 2782 590 2836 conf.
641 2784 679 2837 Β
719 2790 800 2838 28.
842 2789 923 2838 65.
963 2814 1023 2822 —-
1068 2790 1162 2837 177
1198 2786 1448 2850 ἔρχεςθαι
1487 2783 1732 2838 ACDHL
1768 2784 1890 2853 Syr.
1932 2784 2090 2844 Cant,
2175 2801 2353 2838 arocc.
2390 2783 2545 2836 Harl.
2582 2782 2731 2850 Lips.

448 2849 663 2905 Townl.
713 2852 881 2923 frgm.
927 2851 1098 2909 Mose.
1141 2851 1302 2909 Vrat.
1348 2852 1402 2905 b.
1453 2851 1507 2905 d.
1561 2854 1776 2920 ἔρχεςθ’
1817 2856 1853 2919 ἢ
1901 2852 1990 2907 GS
2028 2853 2171 2907 conf.
2226 2859 2334 2911 161.
2390 2881 2452 2891 --
2511 2857 2607 2905 179
2642 2854 2735 2904 καὶ

446 2961 630 3010 κεῖνοι
673 2955 907 3010 ΑοΕΗι,
943 2955 1006 3009 Li
1050 2975 1091 3009 ε.
1133 2955 1289 3009 vrat.
1341 2956 1389 3012 b.
1428 2956 1481 3010 d.
1526 2960 1690 3026 frgm.
1737 2955 1907 3014 Mose.
1955 2956 2116 3009 Rom.
2166 2940 2569 3076 κΑικὶεῑΝος]
2609 2926 2733 3032 syr‘.

447 3024 704 3078 κάκεῖνος
741 3022 830 3078 GS
868 3025 1012 3079 Scho
1041 3066 1053 3078 .
1092 3026 1139 3078 Θ
1179 3029 1292 3077 150.
1331 3031 1589 3079 κακεῖνος
1626 3023 1693 3078 D.
1731 3025 2054 3089 πολεμίξων
2091 3022 2184 3074 AL
2211 3022 2326 3077 Can
2357 3063 2370 3076 .
2405 3023 2541 3075 Mor.
2582 3020 2731 3090 Llps.

448 3090 660 3144 Townl.
699 3091 856 3146 Vrat„
895 3093 946 3147 d.
984 3095 1049 3149 A.
1095 3092 1451 3156 πτολεμίξων
1487 3091 1622 3144 DH:
1671 3093 1994 3158 πολεμίζων
2028 3090 2113 3144 ES
2148 3091 2267 3159 Syr.
2304 3089 2485 3144 Schol.
2533 3092 2577 3144 Θ
2622 3096 2732 3145 150.

451 3161 807 3226 πτολεμίζων
843 3159 938 3214 CG
974 3159 1131 3213 Vrat.
1169 3159 1223 3212 b.
1258 3190 1323 3198 —-
1365 3165 1463 3214 180
1498 3162 1865 3215 ὑπεξαλέςθαι
1890 3158 1949 3211 L.
1989 3161 2176 3225 ἄνωγε
2213 3158 2303 3212 DS
2329 3157 2484 3211 Harl.
2511 3157 2640 3211 Vat.
2669 3188 2731 3196 -

455 3299 546 3348 181
589 3296 776 3349 ΒΙΗΦΙ
817 3294 853 3348 S
895 3311 936 3347 r.
973 3296 1398 3363 πολϋφέρτερος
1425 3293 1543 3349 DG.
1582 3326 1645 3334 —
1688 3300 1783 3348 182
1821 3245 2027 3349 ιῐῖθεται
2065 3293 2122 3351 C.
2162 3324 2223 3333 -·
2264 3299 2361 3348 183
2401 3293 2732 3349 ΙΕΟΝΕΜΟΙ

449 3360 568 3429 Syr.
606 3364 660 3416 οἱ
694 3361 839 3417 ACD
899 3362 966 3416 L:
1016 3363 1072 3418 ot
1108 3362 1173 3420 G.
1212 3363 1416 3429 φάςθαι
1453 3362 1574 3415 HL:
1620 3367 1825 3431 φᾶςθαι
1869 3361 2067 3417 ACDG
2101 3361 2166 3415 Li
2208 3379 2250 3416 e.
2296 3364 2401 3416 τόν
2445 3378 2534 3415 τοι
2571 3359 2629 3417 C.
2665 3390 2736 3400 ·—-

451 3436 546 3483 181
580 3432 753 3496 τήνδε
791 3430 901 3488 GL.
927 3460 994 3470 -—
1034 3437 1130 3486 185
1167 3432 1213 3484 ὦ
1253 3432 1429 3486 πόποι
1453 3429 1629 3485 AGH.
1666 3463 1729 3473 —-
1773 3436 1867 3487 186
1904 3432 2118 3486 καθέζει
2196 3471 2208 3482 .
2236 3461 2302 3469 -
2345 3435 2434 3483 187
2471 3433 2524 3481 τ’
2555 3428 2736 3481 οηιίδίς.

445 3564 494 3619 D
531 3564 688 3623 Vrat.
719 3566 784 3644 A.
821 3583 886 3621 τε
925 3568 1130 3635 κρόνου
1166 3567 1285 3635 Syr.
1325 3566 1473 3635 Lips.
1512 3567 1812 3636 Pseudopl.
1855 3573 1969 3631 126,
1994 3562 2085 3619 12.
2123 3533 2398 3634 ’ἕὲῗερὸνου
2436 3564 2504 3617 H.
2545 3581 2629 3631 γρ.
2669 3564 2733 3617 ἐκ

450 3635 658 3701 κρόνου
693 3634 845 3703 L1ps.
880 3636 950 3689 τὸ
987 3636 1048 3689 δὲ
1070 3642 1221 3701 τρεῖς
1246 3637 1354 3703 γάρ
1389 3638 1442 3688 τ’
1479 3636 1542 3689 ἐκ
1583 3637 1798 3700 Κρόνου
1823 3635 2100 3701 γράφεται
2138 3638 2229 3688 καὶ
2264 3635 2389 3699 δίχα
2416 3636 2734 3701 προθέςεως

443 3707 593 3770 τρεῖς
639 3703 747 3770 γάρ
789 3719 853 3756 τε
911 3704 1126 3770 Κρόνου
1173 3702 1326 3757 Eust.
1380 3709 1527 3762 1012,
1574 3709 1656 3756 25.
1709 3706 1906 3757 τέκετο
1985 3705 2048 3756 έα
2091 3702 2219 3755 libri
2265 3702 2379 3755 mei
2423 3701 2649 3770 praefer
2685 3698 2733 3751 G

449 3772 599 3838 (τέκε
627 3771 763 3838 ῥήη)
791 3773 849 3823 et
874 3768 1031 3825 Cant.
1056 3769 1285 3827 Baroec.
1325 3769 1480 3823 Harl.
1505 3769 1720 3824 Townl.
1747 3770 1901 3828 Vrat.
1973 3815 1985 3828 .
2010 3772 2076 3823 A.
2112 3772 2244 3825 τέκε
2266 3771 2414 3823 Ῥεῖα
2440 3766 2736 3835 Pseudopl.

446 3844 559 3902 126,
601 3845 679 3892 12.
719 3838 997 3904 γράφεται
1033 3840 1134 3893 οὓς
1169 3841 1297 3893 τέκε
1334 3840 1462 3893 Ῥέα
1499 3838 1641 3891 κατά
1676 3855 1804 3891 τινα
1838 3843 1960 3892 τῶν
1996 3838 2365 3904 ἀντιγράφων
2389 3835 2543 3888 Eunt.
2586 3842 2737 3899 1012,

444 3913 530 3961 34.
566 3905 667 3961 alii
700 3909 830 3961 τέκε
867 3907 1015 3974 Ῥείη
1053 3907 1196 3961 ὓοείο
1231 3905 1385 3959 Euat.
1427 3912 1575 3971 1012,
1612 3911 1694 3961 35.
1731 3909 1861 3961 τέκε
1899 3908 2000 3973 ῥέα
2034 3906 2196 3975 srgm.
2234 3904 2401 3960 Mose.
2439 3903 2597 3959 Vrat.
2638 3902 2690 3960 b.

580 4061 646 4114 A.
686 4078 733 4114 c.
807 4066 905 4115 179
941 4062 1033 4113 καὶ
1072 4066 1281 4115 κεῖνος;
1329 4059 1392 4112 ἑκ
1439 4060 1693 4126 πλήρους
1728 4060 1833 4112 τὸν
1854 4060 2013 4139 [καὶ]
2060 4060 2364 4124 ςύνδεςμον
2408 4056 2737 4129 ᾀρίςταρχος

442 4145 791 4215 Didymus,
839 4145 1188 4211 πολεμίξωνε
1235 4145 1541 4212 Ζηνόδοτος
1579 4145 1668 4198 διὰ
1704 4150 1807 4199 τοῦ
1852 4148 1881 4200 ζ
1923 4144 2273 4211 Didymus.
2322 4142 2641 4208 πολεμίξων
2677 4143 2739 4194 δὲ

441 4234 530 4287 διὰ
564 4238 668 4286 τοῦ
706 4221 750 4286 ἷ-
788 4232 1143 4308 Ἀρίςτᾳρχος
1178 4232 1240 4284 δὲ
1264 4232 1353 4284 διὰ
1389 4235 1491 4284 τοῦ
1529 4238 1562 4285 ’ς’
1606 4231 1716 4300 (U)
1753 4228 1937 4284 Schol.
1962 4229 2029 4293 V,
2066 4229 2158 4283 cui
2181 4228 2349 4282 fidem
2385 4244 2496 4281 non
2533 4226 2737 4279 habeo,

442 4328 508 4336 —-
547 4304 658 4359 182,
702 4305 796 4353 183
832 4300 1111 4361 aetenam,
1149 4303 1337 4352 κακῶς
1376 4303 1489 4365 166,
1529 4304 1645 4352 167.
1682 4328 1745 4336 -
1788 4304 1879 4351 187
1917 4299 1969 4350 τ’
2004 4300 2064 4351 ἐκ
2103 4297 2345 4363 Κρόνουε
2396 4296 2583 4350 οὕτως
2620 4294 2739 4361 ἀρί-

446 4380 687 4430 ςταρχος
724 4367 812 4419 διὰ
849 4369 970 4418 τῶν
1008 4360 1052 4429 β’
1091 4371 1140 4422 i.
