3144 5006
473 420 559 485 38
1395 422 1728 477 ΙΛΙΑΔΟ(
1776 419 1839 475 Β.

643 577 800 656 μηδὲ
844 577 921 645 ἔα
962 580 1123 656 νῆας
1168 576 1293 641 ἅλα
1337 575 1406 641 δ’
1448 575 1708 654 ἑλκέμεν
1751 574 2178 657 ἀμφιελίςςας.

821 679 909 745 ὣς
954 679 1142 762 φάθ’,
1189 678 1228 742 ὃ
1272 679 1344 743 δὲ
1389 678 1647 757 ξυνέηκε
1692 681 1842 743 θεᾶς
1886 678 2019 744 ὄπα
2061 680 2472 760 φωνηςάςης,

651 782 727 861 βῆ
774 781 846 845 δὲ
890 781 1091 863 θέειν,
1135 779 1268 865 ἀπὸ
1312 781 1384 845 δὲ
1429 782 1700 859 χλαῖναν
1748 780 1931 861 βάλε·
1979 783 2096 860 τὴν
2141 782 2213 846 δὲ
2256 780 2502 861 κόμιςςε

650 886 844 961 κῆρυξ
888 881 1246 963 Εὐρυβάτης
1290 881 1664 961 Ἰθακήςιος,
1710 881 1783 947 ὅς
1828 883 1890 948 οἱ
1935 882 2184 962 ὀπήδει.

490 992 606 1050 185
652 986 846 1051 αὐτὸς
891 985 948 1050 δ’
991 982 1320 1062 Ἀτρείδεω
1363 983 1841 1067 Ἀγαμέμνονος
1885 984 2101 1051 ἀντίος
2145 986 2353 1050 ἐλθὼν

653 1087 877 1153 δέξατό
921 1084 985 1150 οἱ
1029 1087 1348 1164 ςκῆπτρον
1392 1087 1756 1171 πατρώιον,
1801 1087 2079 1169 ἄφθιτον
2125 1086 2275 1153 αἰεί·

655 1189 766 1253 ςὺν
810 1194 903 1270 τῷ
946 1186 1059 1267 ἔβη
1104 1187 1265 1252 κατὰ
1305 1190 1467 1264 νῆας
1510 1189 1783 1269 Ἀχαιῶν
1827 1191 2344 1270 χαλκοχιτώνων.

573 1366 578 1371 ‚
821 1287 902 1356 ὅν
946 1286 1089 1355 τινα
1131 1289 1249 1370 μὲν
1294 1292 1560 1370 βαςιλῆα
1602 1293 1707 1356 καὶ
1750 1292 1984 1371 ἔξοχον
2028 1290 2234 1370 ἀνδρα
2275 1290 2498 1370 κιχείη,

652 1393 770 1457 τὸν
817 1391 873 1456 δ’
917 1390 1186 1467 ἀγανοῖς
1228 1390 1510 1457 ἑπέεςςιν
1554 1393 1932 1472 ἐρητύςαςκε
1974 1393 2313 1472 παραςτάς·

490 1499 612 1557 190
823 1492 1129 1576 δαιμόνι’,
1174 1492 1254 1558 οὔ
1300 1514 1364 1559 ce
1409 1493 1580 1559 ἔοικε
1623 1496 1820 1560 κακὸν
1866 1496 1954 1561 ὣς
1998 1495 2426 1573 δειδίςςεςθαι,

655 1593 810 1659 ἀλλ’
854 1593 1049 1661 αὐτός
1092 1614 1161 1661 τε
1205 1596 1442 1675 κάθηςο
1487 1597 1590 1662 καὶ
1633 1596 1877 1663 ἄλλους
1916 1598 2098 1676 ἵδρυε
2149 1596 2365 1662 λαούς.

657 1696 737 1763 οὐ
783 1697 907 1777 γάρ
951 1718 1056 1761 πω
1101 1696 1277 1779 ςάφα
1320 1695 1512 1781 οἷςθ’,
1557 1697 1700 1764 οἶος
1743 1699 1900 1764 νόος
1947 1700 2349 1777 Ἀτρείωνος·

658 1803 778 1866 νῦν
824 1800 939 1879 μὲν
983 1801 1305 1880 πειρᾶται,
1348 1800 1513 1880 τάχα
1556 1802 1613 1866 δ’
1654 1800 1873 1881 ἴψεται
1917 1800 2056 1866 υἷας
2101 1803 2390 1881 Ἀχαιῶν.

659 1900 732 1967 ἑν
780 1906 979 1985 βουλῇ
1024 1902 1081 1966 δ’
1125 1901 1204 1966 οὐ
1250 1902 1488 1968 πάντες
1531 1903 1924 1985 ἀκούςαμεν,
1970 1902 2116 1969 οἷον
2161 1904 2350 1969 ἔειπε.

495 2008 614 2066 195
660 2004 743 2082 μή
787 2024 846 2068 τι
891 2005 1347 2082 χολωςάμενος
1393 2002 1540 2088 ῥέξῃ
1585 2006 1782 2072 κακὸν
1826 2003 1967 2070 υἷας
2013 2006 2296 2085 Ἀχαιῶν.

662 2105 860 2185 θυμὸς
903 2107 975 2170 δὲ
1019 2106 1214 2186 μέγας
1254 2106 1380 2171 έςτὶ
1421 2107 1823 2186 διοτρεφέων
1869 2106 2209 2186 βαςιλήων·
2258 2163 2264 2167 .

659 2209 799 2286 τιμὴ
844 2208 901 2271 δ’
944 2208 1015 2272 ἐκ
1059 2208 1221 2273 Διός
1265 2207 1416 2284 ἑςτι,
1463 2212 1642 2289 φιλεῖ
1685 2208 1756 2273 δέ
1801 2207 1831 2271 ἑ
1876 2208 2355 2288 μητίεταΖεύς.

830 2311 908 2375 ὃν
954 2310 1010 2374 δ’
1053 2307 1136 2374 αὖ
1181 2309 1387 2389 δήμου
1431 2308 1638 2388 ἄνδρα
1679 2308 1807 2375 ἴδοι
1853 2310 2149 2390 βοόωντά
2189 2312 2245 2375 τ’
2288 2310 2587 2391 ἐφεύροι,

594 2535 597 2536 ⁷
631 2494 699 2547 V.
740 2515 789 2549 L.
849 2501 941 2550 181
970 2496 1135 2563 μηδὲι
1173 2496 1249 2561 μὴ
1275 2496 1337 2549 δὲ
1363 2494 1623 2550 CDGHL.
1660 2497 1725 2566 ἔᾳ
1748 2494 1807 2549 L.
1836 2497 1944 2551 ἅλα
1975 2497 2027 2550 δ’
2050 2497 2115 2551 A.
2146 2526 2205 2534 --
2238 2502 2331 2551 182
2357 2497 2437 2550 ὡς
2463 2495 2524 2552 Α.
2550 2496 2686 2562 ψαῦ’
2711 2494 2778 2554 D.

495 2598 562 2608 --
600 2569 698 2617 183
733 2564 847 2618 ἀπο
884 2563 949 2616 D.
996 2564 1105 2617 *δὲ
1142 2566 1386 2629 κόμιςςεε
1433 2565 1485 2617 δ>
1518 2565 1768 2629 ἐκόμιςςε
1803 2563 1964 2618 Acfl.
2011 2566 2061 2619 δ’
2105 2566 2322 2631 ἐκόμιςε
2367 2563 2535 2620 DEG.
2578 2593 2644 2602 —-
2685 2569 2780 2616 184

495 2634 667 2700 κῆρυξ
706 2631 922 2686 ACHL:
962 2634 1130 2700 κήρυξ
1168 2629 1333 2684 DEG.
1370 2661 1435 2670 -
1476 2637 1571 2686 185
1608 2633 1827 2686 ἀντίοςε
1865 2632 2061 2686 ἀντίον
2095 2631 2205 2686 HS.
2251 2662 2316 2670 —
2365 2637 2461 2686 188
2497 2632 2672 2701 κιχείῃ
2710 2630 2779 2684 G.

498 2767 684 2833 κιχείει
723 2771 793 2827 Η,
829 2775 865 2835 ἡ
903 2774 950 2821 2.
988 2784 1134 2820 man.
1173 2769 1313 2835 ἐφεύ
1353 2785 1404 2820 οι
1440 2766 1586 2820 Max,
1625 2767 1756 2835 Tyr.
1792 2767 1932 2821 Diae.
1971 2767 2194 2831 XXXII,
2233 2774 2279 2820 5.
2325 2797 2390 2806 --
2430 2772 2525 2820 189
2561 2768 2666 2821 τὸν
2702 2769 2779 2821 δ’;

498 2838 655 2890 τόνδ’
690 2835 736 2888 Ε
770 2835 918 2889 Max.
953 2835 1081 2903 Tyr.
1118 2835 1258 2888 Diae.
1297 2785 1443 2901 {XL
1480 2843 1528 2889 9.
1568 2837 1675 2889 τὸν
1710 2839 1761 2902 ῥ’
1798 2835 1946 2888 Max.
1979 2835 2107 2903 Tyr.
2132 2834 2272 2892 Dies,
2313 2833 2536 2893 XXXII,
2572 2841 2619 2888 5.
2656 2837 2781 2903 ἐρη-

498 2906 695 2958 τύεςκε
732 2904 957 2959 Baroec.
995 2904 1303 2970 ἐρητύαςκε
1341 2902 1496 2956 Vrat.
1536 2920 1585 2956 a.
1626 2909 1669 2956 1.
1708 2920 1855 2964 man.
1881 2934 1946 2942 -
1979 2910 2072 2957 190
2108 2905 2174 2957 οὔ
2212 2920 2297 2957 ce:
2335 2905 2402 2955 οὔ
2440 2906 2488 2957 ς’
2523 2902 2579 2956 L.
2617 2904 2686 2956 οὐ
2724 2905 2784 2957 ςὲ

501 2973 689 3027 Cram.
722 2975 825 3026 An.
864 2972 991 3027 Par.
1026 2971 1282 3037 ΙΙΙ,-278,
1317 2977 1399 3024 28.
1439 2972 1544 3025 ὣς.
1585 2974 1665 3026 ώς
1700 2971 1768 3024 Η.
1806 3002 1871 3011 -
1913 2978 2007 3025 192
2047 2971 2382 3038 Ἀτρείωνος
2420 2970 2486 3022 L:
2522 2971 2783 3038 ἀτρείδαο

500 3039 851 3095 ACDEGHS.
889 3070 955 3078 —
998 3045 1094 3092 194
1129 3041 1178 3092 δ’
1215 3040 1396 3092 οηιὶίῑΐ..
1437 3039 1481 3091 Ε
1518 3039 1618 3092 δίε.
1658 3041 1811 3094 ἔειπε
1849 3038 2160 3093 ACDEGH.
2214 3069 2277 3078 --
2326 3044 2421 3091 196
2465 3040 2640 3105 θυμὸς
2675 3042 2782 3106 γὰρ

503 3107 609 3162 GL.
647 3111 822 3173 Θυμὸς
859 3110 927 3175 δὴ
955 3108 1112 3161 Cant.
1151 3108 1479 3174 διοτρεφέος
1517 3110 1773 3174 βαςιλῆος
1799 3107 2003 3160 ACES:
2042 3109 2394 3174 διοτρεφέων
2422 3107 2532 3172 (vol
2569 3109 2782 3173 διοτρο-

500 3179 684 3243 φέων)
755 3177 1003 3242 αςιλήων
1039 3174 1239 3227 DGHL
1283 3175 1508 3228 Aristot.
1558 3173 1722 3228 Rhoe.
1771 3174 1843 3240 ΙΙ,
1879 3182 1926 3231 2.
1975 3174 2157 3228 Schol.
2209 3177 2251 3229 Α
2294 3181 2405 3228 173.
2452 3175 2631 3228 Cram.
2679 3178 2783 3227 An.

448 3265 454 3274 ·
500 3243 625 3297 Par.
662 3244 715 3296 II
748 3285 760 3308 ,
792 3250 904 3304 113,
934 3250 1017 3296 21.
1054 3242 1141 3300 Et.
1167 3242 1279 3312 Mg.
1315 3247 1433 3307 458,
1472 3249 1502 3296 9
1530 3243 1589 3294 et
1616 3247 1692 3295 16.
1730 3242 1921 3295 Zonar.
1949 3242 2079 3295 Lex.
2109 3248 2255 3296 1059.
2293 3241 2567 3295 Stobaeus
2590 3241 2779 3295 Floril.

500 3317 584 3377 46,
621 3318 670 3365 2.
706 3310 1073 3379 Pseudoplut.
1116 3317 1229 3376 153,
1266 3317 1346 3364 31.
1387 3340 1450 3349 ——
1491 3315 1586 3363 197
1625 3327 1662 3376 μ
1703 3311 1858 3364 τιέτα
1896 3309 1958 3365 G.
1997 3340 2064 3351 —-
2105 3316 2201 3364 198
2236 3312 2334 3363 αὖε
2372 3311 2441 3363 ἄν
2477 3309 2630 3362 Eust.
2666 3314 2784 3375 847,

503 3385 592 3444 39;
631 3385 745 3444 901,
786 3385 840 3443 7;
882 3384 1026 3444 1119,
1066 3385 1110 3431 1.
1149 3379 1328 3446 δήμου
1365 3380 1467 3432 άνδ
1505 3396 1539 3432 α
1575 3378 1661 3432 AS
1732 3395 1911 3431 arone.
1938 3378 2108 3432 Laud.
2147 3378 2308 3431 Eton.
2345 3377 2555 3431 Townl.
2599 3377 2782 3430 Schol.

505 3449 545 3503 Β
582 3453 699 3500 244.
738 3445 892 3499 Euat.
932 3453 1048 3511 901,
1089 3453 1146 3508 7;
1187 3453 1332 3511 1119,
1379 3454 1419 3500 1.
1486 3448 1639 3498 'ram.
1679 3447 1784 3499 An.
1822 3445 1948 3500 Par.
1985 3446 2081 3510 111,
2119 3453 2234 3510 331,
2273 3451 2330 3497 6:
2379 3447 2558 3510 δήμου
2602 3448 2654 3497 τ’
2689 3447 2787 3499 ἄν-

503 3518 606 3584 δρα
642 3513 931 3584 CDEGHJ.
977 3513 1159 3569 Schol.
1200 3521 1332 3567 144.
1382 3513 1560 3568 Cram.
1607 3516 1711 3568 An.
1760 3514 1885 3568 Par.
1933 3515 2026 3580 ΙΙΙ,
2063 3520 2179 3580 315,
2219 3519 2296 3566 19.
2352 3512 2505 3567 Euat.
2548 3519 2664 3577 847,
2703 3520 2786 3568 39.

642 3687 704 3738 A.
741 3702 787 3736 c.
848 3690 941 3738 187
967 3686 1093 3750 ἔβης
1132 3685 1218 3737 ὅτι
1242 3686 1548 3750 ζηνόδοτος
1581 3684 1785 3750 γράφει
1818 3686 1920 3736 ςὺν
1943 3690 2029 3752 τῷ
2056 3685 2154 3749 βὰς
2180 3685 2322 3737 κατὰ
2346 3688 2485 3750 νῆας
2523 3683 2788 3736 Aristo·

505 3754 717 3810 nicuS.
754 3781 820 3791 —
858 3757 955 3806 188
1000 3753 1143 3818 πρὸς
1188 3755 1298 3817 τὴν
1341 3753 1499 3807 τάξιν
1540 3757 1665 3806 τῶν
1714 3753 1839 3818 ἑξῆς
1885 3754 1954 3805 τὸ
1998 3752 2291 3825 ἀντίςιγμα
2327 3749 2790 3817 Aristomene,

507 3823 576 3877 cf.
616 3828 711 3875 192
749 3823 808 3874 et
843 3826 959 3874 203.
999 3851 1063 3859 —
1114 3826 1208 3873 190
1253 3822 1320 3874 οὔ
1370 3837 1455 3874 cc:
1503 3823 1537 3887 ἡ
1579 3822 1680 3885 μὲν
1724 3819 1973 3886 ἀκρίβεια
2008 3821 2329 3886 ὀρθοτονεῑ,
2367 3819 2607 3883 ἑγκλίνει
2654 3820 2714 3872 δὲ
2751 3821 2786 3884 ἡ

507 3892 770 3958 ςυνήθεια
805 3887 1252 3941 Herodianus
1301 3923 1362 3930 -
1418 3894 1511 3940 19⁶2
1556 3890 1627 3942 τὸ
1674 3888 1989 3952 ἀντίςιγμα,
2036 3890 2122 3941 ὅτι
2158 3889 2271 3941 ὑπὸ
2306 3891 2517 3940 τοῦτον
2553 3887 2663 3940 ἔδει
2698 3903 2789 3941 τε·

505 3959 707 4024 τάχθαι
740 3958 873 4011 τοὺς
909 3957 1035 4023 ἑξῆς
1060 3957 1527 4023 παρεςτιγμένους
1562 3963 1717 4022 τρεῖς
1753 3955 1972 4020 ςτίχους
1999 3957 2329 4024 (203-205).
2368 3955 2469 4008 είςὶ
2503 3955 2609 4021 γὰρ
2646 3956 2792 4021 πρὸς

510 4030 746 4093 βαςιλεῖς
783 4025 1141 4091 ἁρμόζοντες,
1179 4025 1248 4077 οὐ
1286 4025 1429 4090 πρὸς
1454 4025 1701 4091 δημότας
1727 4023 2176 4076 Aristonicus,
2217 4022 2551 4090 Ἀτρείωνος
2575 4022 2792 4076 Aristo-

508 4095 744 4162 phanen,
769 4092 1071 4160 Dionysius
1095 4091 1373 4157 Sidoniae,
1408 4091 1586 4157 Ixion,
1621 4093 1679 4146 αἱ
1716 4091 1945 4146 πλείους
1980 4096 2100 4144 τῶν
2136 4091 2532 4158 χαριεςτέρων,
2567 4091 2624 4143 αί
2648 4093 2793 4157 διορ-

510 4164 708 4217 θώςεις
755 4164 847 4215 καὶ
894 4162 966 4214 τὰ
1010 4161 1393 4227 ὑπομνήματα
1424 4160 1495 4225 -(i.
1535 4177 1583 4214 e.
1621 4159 1967 4224 Aristarchi).
2021 4189 2088 4198 —
2145 4165 2406 4212 193--197
2455 4159 2794 4213 ἀθετοῦνται

512 4227 967 4282 Aristonicus
994 4258 1063 4268 -
1090 4233 1185 4282 196
1209 4229 1443 4295 διοτρεφ
1474 4244 1535 4282 ος
1575 4230 1856 4294 βαςιλῆοςε
1883 4229 2067 4281 οὕτως
2103 4228 2305 4281 ἑνικῶς
2332 4229 2388 4280 αἱ
2417 4226 2794 4293 Ἀριςτάρχου.

514 4297 671 4359 εἶχον
707 4297 768 4349 δὲ
800 4299 893 4349 καὶ
931 4297 986 4350 αί
1022 4297 1370 4362 χαριέςταται
1405 4314 1437 4350 ο
1476 4311 1593 4349 τως
1632 4295 1768 4350 ἄνευ
1803 4301 1906 4361 τῆς
1941 4295 2295 4361 Ζηνοδότου,
2342 4294 2406 4348 ὃς
2441 4294 2646 4360 γράφει
2682 4296 2793 4348 διο-

512 4364 776 4430 τρεφέων
813 4365 1095 4431 βαςιλὴων
1131 4363 1261 4417 Did
1273 4381 1478 4433 ymuS.
1515 4394 1581 4403 —
1622 4369 1717 4418 198
1753 4365 1931 4432 δήμου
1968 4364 2161 4429 ἄνδρα,
2203 4378 2316 4415 non
2350 4364 2403 4415 τ’
2440 4362 2617 4430 ἄνδρα
2660 4362 2791 4415 scri-

2417 4487 2494 4524 ..r‘
