3144 5006
1206 419 1541 474 ΙΛΙΑΔΟΕ
1597 417 1795 474 ΧΧΙΙΙ.
2155 476 2162 483 ,
2519 417 2647 480 319

526 574 753 640 αὐτίκα
796 572 958 638 λαὸν
1005 573 1121 651 μὲν
1168 571 1468 637 ςκέδαςεν
1512 573 1671 637 κατὰ
1714 576 1873 650 νῆας
1917 570 2115 653 ἐίςας,

526 675 871 756 κηδεμόνες
916 676 988 738 δὲ
1032 675 1181 753 παρ’
1227 671 1368 739 αὖθι
1412 674 1613 752 μένον
1660 673 1761 737 καὶ
1805 673 2000 752 νήεον
2047 672 2241 751 ὕλην,

528 779 800 855 ποίηςαν
844 776 915 840 δὲ
960 778 1170 855 πυρὴν
1215 775 1662 856 ἑκατόμποδον
1710 774 1868 840 ἔνθα
1910 774 2014 839 καὶ
2057 773 2241 851 ἔνθα,

363 886 484 945 165
532 881 603 945 έν
648 880 720 944 δὲ
764 885 937 964 πυρῇ
982 877 1190 958 ὑπάτῃ
1235 878 1469 957 νεκρὸν
1512 877 1700 942 θέςαν
1746 876 2095 957 ἀχνύμενοι
2140 879 2275 953 κῆρ.

527 981 743 1047 πολλὰ
786 982 858 1046 δὲ
900 979 1046 1060 ἴφια
1091 982 1259 1058 μῆλα
1304 979 1406 1044 καὶ
1449 978 1774 1043 εἰλίποδας
1819 978 2030 1044 ἕλικας
2076 980 2229 1059 βοῦς

529 1083 763 1163 πρόςθε
808 1085 1017 1161 πυρῆς
1060 1082 1290 1160 ἔδερόν
1335 1101 1404 1146 τε
1453 1082 1551 1145 καὶ
1596 1079 1931 1161 ἄμφεπον·
1993 1080 2063 1144 ἐκ
2107 1078 2164 1143 δ’
2207 1077 2333 1158 ἄρα
2375 1078 2645 1144 πάντων

531 1187 735 1265 δημὸν
781 1183 950 1249 ἑλὼν
995 1183 1280 1262 ἐκάλυψε
1323 1183 1517 1248 νέκυν
1562 1182 1923 1262 μεγάθυμος
1970 1181 2294 1259 Ἀχιλλεὺς

532 1287 598 1351 ἐς
642 1286 850 1351 πόδας
893 1284 962 1349 ἐκ
1006 1286 1324 1366 κεφαλῆς,
1371 1285 1513 1361 περὶ
1560 1286 1634 1348 δὲ
1678 1285 1879 1362 δρατὰ
1924 1282 2181 1362 ςώματα
2223 1282 2380 1361 νήει.

378 1395 499 1451 170
542 1388 614 1453 ἐν
660 1387 717 1452 δ’
760 1388 948 1465 ἐτίθει
993 1388 1246 1465 μέλιτος
1291 1386 1390 1449 καὶ
1434 1384 1782 1465 ἀλείφατος
1828 1384 2276 1467 ἀμφιφορῆας,

541 1490 706 1567 πρὸς
753 1488 945 1568 λέχεα
987 1487 1252 1552 κλίνων·
1296 1488 1560 1566 πίςυρας
1605 1487 1663 1551 δ’
1707 1486 2082 1566 ἐριαύχενας
2122 1486 2366 1552 ἵππους

534 1591 887 1670 ἐςςυμένως
931 1590 1235 1669 ἐνέβαλλε
1280 1593 1448 1672 πυρῇ
1494 1588 1740 1666 μεγάλα
1787 1588 2187 1666 ςτεναχίζων.

535 1693 726 1758 ἐννέα
769 1698 861 1774 τῷ
904 1711 979 1768 γε
1024 1689 1246 1756 ἄνακτι
1288 1693 1638 1770 τραπεζῆες
1682 1689 1869 1755 κύνες
1911 1688 2099 1768 ἦςαν·

536 1794 637 1859 καὶ
679 1793 798 1874 μὲν
840 1798 974 1859 τῶν
1018 1792 1322 1873 ἐνέβαλλε
1366 1797 1536 1875 πυρῇ
1584 1792 1704 1857 δύο
1750 1791 2233 1870 δειροτομήςας,

373 1902 491 1961 175
539 1897 795 1961 δώδεκα
839 1896 911 1960 δὲ
954 1894 1199 1974 Τρώων
1245 1894 1625 1974 μεγαθύμων
1671 1892 1844 1958 υἱέας
1887 1892 2151 1958 ἐςθλοὺς

537 2001 755 2081 χαλκῷ
803 1996 1075 2075 δηιόων·
1123 1996 1283 2061 κακὰ
1327 1996 1398 2061 δὲ
1442 1996 1629 2076 φρεςὶ
1672 1997 1907 2075 μήδετο
1952 1993 2125 2073 ἔργα.

536 2100 607 2164 ἐν
653 2101 726 2163 δὲ
771 2099 977 2177 πυρὸς
1021 2099 1215 2176 μένος
1261 2096 1372 2176 ἧκε
1418 2098 1742 2177 ςιδήρεον,
1791 2096 1969 2177 ὄφρα
2013 2097 2291 2177 νέμοιτο.

539 2200 803 2285 ᾤμωξέν
847 2199 902 2263 τ’
945 2198 1046 2278 ἄρ’
1089 2198 1308 2263 ἔπειτα
1322 2244 1341 2279 ,
1387 2198 1585 2278 φίλον
1633 2198 1691 2262 δ’
1734 2197 2056 2278 ὀνόμηνεν
2100 2199 2388 2278 ἑταῖρον·

716 2301 898 2381 χαῖρέ
943 2321 1050 2380 μοι
1094 2299 1148 2363 ὦ
1193 2300 1530 2380 Πάτροκλε
1576 2301 1679 2365 καὶ
1721 2299 1814 2367 εἰν
1861 2300 2072 2364 Ἀίδαο
2119 2301 2388 2378 δόμοιςι·

375 2410 498 2467 180
541 2402 752 2469 πάντα
794 2402 920 2481 γὰρ
966 2401 1085 2487 ἤδη
1131 2422 1231 2466 τοι
1275 2402 1509 2479 τελέω,
1553 2403 1637 2466 τὰ
1679 2401 1992 2481 πάροιθεν
2036 2402 2327 2482 ὑπέςτην.

540 2507 790 2571 δώδεκα
833 2507 948 2584 μὲν
993 2503 1241 2584 Τρώων
1287 2502 1670 2586 μεγαθύμων
1717 2505 1891 2570 υἱέας
1935 2505 2227 2581 ἐςθλούς,

538 2607 693 2671 τοὺς
736 2606 864 2686 ἅμα
908 2607 1009 2671 col
1052 2606 1297 2671 πάντας
1342 2610 1469 2685 πῦρ
1516 2607 1733 2672 ἑςθίει·
1781 2607 2053 2685 Ἕκτορα
2097 2606 2155 2671 δ’
2198 2606 2277 2672 οὔ
2322 2629 2381 2671 τι

542 2708 729 2774 δώςω
773 2708 1128 2787 Πριαμίδην
1172 2709 1327 2786 πυρὶ
1370 2708 1720 2786 δαπτέμεν,
1765 2708 1933 2773 ἀλλὰ
1977 2708 2281 2775 κύνεςςιν.

511 2960 577 3016 V.
614 2979 666 3014 1..
742 2966 838 3015 163
884 2960 1160 3026 ἡγεμόνες
1206 2959 1362 3014 Vrat.
1411 2961 1478 3013 A.
1526 2964 1771 3028 παραῦθι
1807 2958 1969 3014 ADL.
2019 2991 2084 3000 -
2130 2966 2229 3015 164
2265 2961 2658 3030 ἑκατόμποδον

374 3096 502 3150 ELS
540 3094 700 3150 Cant.
736 3112 885 3150 man.
911 3111 1022 3155 rec.
1059 3055 1446 3162 ἑκατόμπὲδον
1480 3095 1533 3148 H
1568 3095 1715 3165 Lips.
1754 3098 2144 3162 ἑκατόμπεδον
2167 3099 2233 3151 A.
2271 3099 2661 3165 ἑκατόμπεδον

376 3197 521 3252 cns}
559 3197 680 3266 Syr.
720 3228 787 3238 -
824 3202 921 3252 165
959 3198 1021 3252 εν
1056 3200 1121 3251 A.
1169 3199 1328 3254 κι-ιΡ’
1362 3198 1481 3266 syr.
1529 3228 1597 3238 -
1644 3203 1741 3253 166
1777 3164 2060 3255 ειλιῗιῖδαε
2094 3198 2252 3253 EGL.
2305 3202 2660 3257 κΑιεΛικΑς

376 3266 495 3335 Syr.
536 3296 598 3304 —
641 3272 736 3320 167
774 3267 983 3333 πρόςθε
1018 3266 1105 3320 bis
1141 3267 1345 3336 legitur
1378 3266 1437 3319 in
1483 3267 1536 3320 H
1575 3266 1780 3321 omisso
1817 3273 2014 3337 πυρῆς.
2059 3269 2317 3335 ἄμφενον
2353 3268 2422 3322 Η.
2467 3301 2524 3309 —-
2565 3276 2660 3324 168

373 3336 597 3402 ἀχϊλεύς
635 3334 693 3389 C.
732 3363 795 3372 —-
835 3341 931 3388 169
968 3337 1120 3401 περὶε
1169 3338 1320 3402 παρὰ
1363 3333 1555 3389 Zonar.
1606 3333 1740 3392 Lex.
1786 3341 1904 3390 572.
1950 3338 2162 3403 ςώματ’
2206 3338 2367 3404 ἀνήει
2405 3335 2564 3392 Vrat.
2601 3338 2659 3392 b.

375 3421 407 3455 ν
451 3419 498 3456 ει
536 3401 714 3454 omitt.
756 3401 824 3456 H.
860 3432 926 3442 —-
967 3408 1061 3456 170
1095 3404 1146 3455 δ’
1181 3402 1348 3457 ἐτίθει
1394 3401 1643 3457 ACDEH
1680 3402 1837 3457 Vrat.
1883 3403 1936 3461 b.
1985 3403 2037 3463 d.
2074 3406 2138 3458 A.
2184 3403 2353 3459 Mose.
2400 3411 2448 3459 2.
2498 3405 2656 3459 Rom.

374 3473 423 3524 Δ
465 3469 640 3525 ΤΙΘΕΙ
680 3468 803 3537 Syr.
843 3471 904 3524 δὲ
938 3471 1079 3525 τίθει
1116 3468 1251 3523 GLS
1299 3469 1446 3541 Lipe.
1484 3471 1632 3524 conf.
1681 3472 1719 3526 C
1756 3477 1873 3526 541.
1914 3476 2029 3526 561.
2066 3477 2181 3528 607.
2230 3473 2454 3540 ἀμφιφο
2492 3479 2572 3527 εῑς
2607 3471 2660 3525 Η

374 3555 442 3591 ex
478 3553 618 3592 corr.
652 3568 717 3576 —
760 3543 855 3592 172
892 3539 1113 3603 ἐνέβαλε
1148 3535 1262 3596 EG.
1300 3541 1433 3606 πυρὶ
1469 3538 1595 3593 CLS
1632 3538 1787 3593 Vrat.
1825 3539 1878 3595 b.
1916 3541 1971 3593 d.
2020 3540 2365 3606 ςτοναχίζων
2403 3540 2443 3594 C
2531 3542 2662 3609 post

372 3623 478 3662 ras.
517 3603 634 3658 EL:
673 3606 1013 3671 ςτεναχίζων
1048 3604 1240 3659 AGHS
1286 3606 1446 3662 Cant.
1495 3601 1631 3660 Mor.
1679 3606 1833 3661 Vrat.
1870 3607 1925 3663 d.
1970 3639 2036 3648 --
2085 3613 2199 3672 173,
2241 3614 2336 3661 174
2383 3608 2563 3661 omitt.
2609 3608 2657 3662 D

372 3673 429 3727 in
467 3675 653 3735 textu,
692 3673 867 3727 habet
899 3673 958 3725 in
993 3688 1168 3741 marg,
1219 3690 1365 3730 man.
1414 3690 1521 3728 rec.
1569 3704 1633 3713 —
1681 3680 1778 3728 174
1823 3678 1914 3730 καὶ
1957 3677 2185 3730 τούτων
2222 3676 2285 3729 E.
2332 3681 2458 3729 τῶν
2492 3677 2660 3732 ἐννέα

373 3743 507 3807 βάλε
544 3759 587 3795 π
664 3745 680 3795 ὶ
716 3740 873 3798 Vrat.
908 3740 973 3798 A.
1012 3745 1145 3807 πυρὶ
1182 3739 1282 3797 CL.
1321 3774 1386 3783 -
1438 3748 1533 3796 175
1569 3745 1781 3810 τρῲων
1816 3741 1876 3796 L.
1912 3773 1976 3785 ·-—
2029 3749 2125 3797 178
2161 3745 2231 3811 ἂρ
2266 3741 2534 3800 ADGHL.
2571 3745 2659 3812 φί-

374 3815 479 3882 λον
509 3811 566 3862 τ’
589 3759 709 3863 ιὸρΒ.
747 3840 812 3847 -
852 3813 947 3861 179
985 3808 1230 3863 εἰναῖδαο
1266 3809 1384 3864 AD.
1423 3812 1633 3876 δόμοιςι
1668 3809 2069 3865 ACDEGHLS.
2107 3842 2170 3850 —
2223 3816 2318 3864 180
2351 3829 2440 3866 τοι
2478 3812 2662 3866 omitt.

374 3875 417 3928 L
453 3876 602 3946 Lipe.
643 3876 798 3929 Vrat.
840 3877 905 3929 A.
942 3879 1124 3930 τελέω
1160 3879 1231 3930 τά
1268 3879 1328 3946 (ἃ
1363 3878 1432 3944 Ε)
1468 3879 1768 3945 πάροιθενε
1818 3881 2188 3943 τετελεςμένα
2236 3880 2425 3946 ὥςπερ
2463 3878 2500 3932 S
2537 3880 2658 3947 Syr.

376 3945 576 4011 (ΠΕΡἼ
614 3945 770 4001 Cant.
817 3941 1032 4001 Townl.
1081 3945 1142 3997 ἐν
1186 3946 1343 4014 ἄλλῳ
1388 3948 1760 4011 τετελεςμένα
1806 3951 1996 4015 ὥςπερ
2040 3948 2287 4014 ύπέςτην
2332 3949 2397 4002 A.
2445 3979 2508 3987 —
2569 3954 2656 4001 181

376 4080 585 4147 τρῴων
608 4077 668 4133 L.
694 4108 758 4118 -
798 4084 894 4136 182
930 4096 1011 4134 ςοι
1037 4077 1212 4134 DGH.
1249 4083 1317 4136 οὔ
1343 4099 1425 4136 τις
1462 4084 1621 4138 οὔτοι
1646 4083 1704 4138 C.
1735 4114 1796 4122 -
1835 4086 1933 4137 183
1970 4045 2238 4153 vrpl'aufb}
2265 4082 2342 4150 H,
2377 4101 2413 4138 ν
2440 4091 2485 4137 2.
2513 4099 2659 4142 man.

380 4298 836 4434 I)id²3'1n⁰1{s.¹69
880 4301 1081 4365 δρατάε
1139 4306 1209 4358 τὰ
1255 4306 1445 4358 πολλὰ
1490 4309 1615 4359 τῶν
1658 4303 2087 4372 ὑπομνημάτων
2139 4305 2228 4359 διά
2270 4310 2376 4359 τοῦ
2413 4311 2448 4359 ἓ
2492 4307 2662 4373 δρετά
