3144 5006
411 405 584 470 224*
1341 411 1684 466 ΙΛΙΑΔΟ(
1739 412 1804 470 Τ.

581 561 951 640 καιομένοιο
995 562 1230 643 πυρός·
1277 564 1353 627 τὸ
1398 564 1471 628 δὲ
1515 564 1752 629 καίεται
1796 563 1991 645 ὑψόθ’
2033 563 2262 646 ὄρεςφι
2321 602 2325 606 -

584 668 834 746 ςταθμῷ
878 664 950 730 ἐν
996 663 1316 750 οἰοπόλῳ·
1362 665 1516 730 τοὺς
1560 666 1618 729 δ’
1662 664 1781 731 οὐκ
1826 666 2447 737 ἑθέλοντας·ἄελλαι

579 764 828 830 πόντον
873 765 975 830 ἐπ’
1022 766 1359 846 ἰχθυόεντα
1402 767 1615 848 φίλων
1660 767 1984 834 ἀπάνευθε
2030 771 2370 849 φέρουςιν·

585 866 675 930 ὣς
720 867 832 931 ἀπ’
878 868 1211 951 Ἀχιλλῆος
1257 870 1481 935 ςάκεος
1526 871 1713 935 ςέλας
1759 869 1958 951 αἰθέρ’
1998 869 2181 937 ἵκανε

421 972 546 1031 380
591 970 792 1033 καλοῦ
839 971 1202 1034 δαιδαλέου.
1290 971 1434 1051 περὶ
1477 972 1549 1035 δὲ
1595 971 1992 1051 τρυφάλειαν
2037 973 2256 1053 ἀείρας

581 1072 758 1149 κρατὶ
803 1072 952 1136 θέτο
1001 1072 1297 1153 βριαρήν’
1343 1073 1382 1152 ἣ
1428 1073 1484 1137 δ’
1528 1072 1723 1153 άςτὴρ
1768 1074 1859 1138 ὣς
1902 1074 2276 1153 ἀπέλαμπεν

584 1170 893 1252 ἵππουρις
937 1174 1322 1254 τρυφάλεια,
1370 1175 1802 1253 περιςςείοντο
1847 1176 1905 1239 δ’
1950 1176 2185 1255 ἔθειραι

580 1274 835 1354 χρύςεαι
856 1325 876 1358 ,
922 1275 998 1341 ἃς
1042 1276 1397 1354 Ἣφαιςτος
1439 1276 1522 1341 ἵει
1568 1276 1785 1357 λόφον
1830 1276 1992 1358 ἀμφὶ
2036 1278 2311 1357 θαμειάς.

581 1376 846 1456 πειρήθη
891 1377 948 1441 δ’
990 1376 1061 1441 ἕο
1108 1376 1308 1443 αὐτοῦ
1355 1378 1425 1442 ἐν
1471 1378 1674 1443 ἔντεςι
1717 1382 1857 1445 δῖος
1901 1380 2257 1463 Ἀχιλλεύς,

417 1481 540 1540 385
588 1477 641 1542 εἰ
687 1477 751 1543 οἱ
796 1478 1213 1560 έφαρμόςςειε
1257 1480 1360 1544 καὶ
1404 1479 1693 1559 ἐντρέχοι
1740 1480 1951 1557 ἀγλαὰ
1994 1483 2169 1565 γυῖα·

582 1585 673 1665 τῷ
717 1580 776 1643 δ’
818 1578 960 1645 εὖτε
1005 1583 1208 1661 πτερὰ
1251 1581 1505 1664 γίγνετ’,
1549 1580 1722 1661 ἄειρε
1768 1583 1838 1647 δὲ
1883 1583 2158 1663 ποιμένα
2205 1586 2399 1649 λαῶν.

582 1680 653 1744 ἐκ
696 1682 753 1744 δ’
796 1681 921 1761 ἄρα
967 1683 1261 1762 ςύριγγος
1308 1683 1637 1761 πατρώιον
1682 1683 1975 1749 ἐςπάςατ’
2020 1684 2242 1764 ἔγχος,

585 1785 763 1863 βριθὺ
809 1784 969 1864 με’γα
1014 1783 1340 1866 ςτιβαρόν·
1385 1786 1462 1849 τὸ
1507 1786 1623 1864 μὲν
1669 1783 1750 1850 οὐ
1796 1786 2017 1851 δύνατ’
2059 1785 2258 1852 ἄλλος
2304 1787 2576 1867 Ἀχαιῶν

583 1884 887 1963 πάλλειν,
934 1885 1101 1951 ἀλλά
1144 1907 1250 1965 μιν
1296 1884 1440 1952 οἷος
1482 1887 1780 1952 ἐπίςτατο
1825 1889 2021 1967 πῆλαι
2067 1887 2419 1967 Ἀχιλλεύς,

418 1991 543 2051 390
586 1988 886 2067 Πηλιάδά
929 1990 1184 2071 μελίην,
1228 1990 1345 2067 τὴν
1393 1989 1581 2075 πατρὶ
1625 1989 1797 2072 φίλῳ
1842 1989 2004 2068 πόρε
2053 1988 2298 2069 Χείρων

586 2089 838 2168 Πηλίου
884 2089 954 2156 ἐκ
997 2093 1316 2170 κορυφῆς,
1362 2090 1580 2172 φόνον
1628 2089 1891 2171 ἔμμεναι
1933 2091 2258 2170 ἡρώεςςιν.

718 2212 819 2220 —-——

549 2255 617 2310 V.
655 2277 702 2311 1..
773 2264 873 2313 376
927 2260 1061 2312 τόδε
1113 2259 1179 2317 A.
1233 2258 1303 2312 τό
1355 2275 1418 2313 τε
1472 2255 1685 2313 Townl.
1743 2260 1938 2325 ὄρεςφι
1989 2256 2286 2312 ACDGHL
2333 2258 2369 2312 S
2407 2277 2452 2319 r.
2498 2296 2560 2304 -
2605 2267 2707 2316 377

410 2325 687 2381 οἰοπόλωι
724 2328 789 2381 Α.
837 2328 971 2380 οὔκε
1008 2327 1316 2381 θέλλοντας
1352 2324 1418 2380 D.
1460 2354 1528 2368 --
1575 2331 1675 2381 378
1721 2327 1954 2394 φέρουςι
1998 2326 2065 2379 D.
2108 2329 2320 2394 φέρωςι
2409 2328 2512 2381 rat.
2549 2327 2604 2382 d.
2641 2359 2704 2368 —-

412 2396 648 2482 avff'ssvr’
682 2427 737 2486 S.
782 2429 1013 2495 ἀχϊλῆος
1050 2426 1090 2482 C
1127 2426 1279 2497 Lips.
1325 2429 1552 2483 εάκεοςε
1603 2427 1927 2483 ΚΕΦΑΛΗ(
1974 2425 2097 2496 Syr.
2140 2429 2302 2482 ἵκανε
2348 2426 2549 2483 CDGH
2585 2428 2705 2498 Syr.

414 2593 476 2603 —
514 2570 615 2618 380
651 2523 972 2619 δαιδαλιξίου
1009 2562 1066 2618 C.
1112 2594 1180 2604 -
1215 2570 1309 2619 381
1351 2566 1582 2633 βριαρὰν
1617 2564 1684 2616 H.
1721 2566 1810 2631 ἥδ’
1847 2562 2053 2618 CGHL.
2093 2566 2172 2620 ὡς
2210 2563 2276 2620 G.
2315 2600 2381 2610 -
2418 2570 2517 2619 382
2552 2582 2709 2632 περι-

410 2634 629 2687 ςείοντο
674 2630 773 2685 EG
818 2631 879 2685 Li
922 2649 964 2685 s.
1012 2629 1166 2690 Vrat.
1215 2634 1283 2688 A.
1342 2662 1400 2671 -
1454 2639 1555 2687 383
1601 2637 1842 2700 χρυςείαι
1878 2631 1988 2686 CH.
2035 2636 2105 2686 ῖει
2139 2634 2204 2685 A.
2251 2634 2288 2687 ἆ
2330 2650 2394 2700 φι
2443 2632 2513 2687 Η.
2561 2635 2708 2701 ἀμφῑ

410 2699 523 2755 OD.
560 2729 619 2740 -
660 2705 761 2754 384
796 2702 848 2754 δ’
911 2718 943 2755 ο
979 2701 1157 2754 αὐτοῦ
1196 2699 1488 2754 ACDEHL
1535 2699 1572 2754 S
1616 2718 1683 2753 r.:
1731 2702 1794 2754 δέ
1830 2700 1883 2754 οἰ
1928 2701 2105 2754 αὐτοῦ
2155 2698 2243 2756 GS
2323 2701 2438 2759 ant.
2486 2700 2708 2760 Townl.

412 2766 559 2823 Flor.
598 2768 822 2836 ἀχῑλεὺς
859 2768 919 2825 C.
958 2799 1021 2807 --
1059 2773 1160 2822 385
1199 2770 1250 2823 et
1285 2769 1338 2823 οἱ
1375 2767 1567 2823 CDEG
1626 2768 1683 2823 L.
1723 2769 1836 2835 ἑφα
1874 2769 2056 2832 μόςειε
2083 2766 2230 2824 cGfl
2266 2768 2331 2821 Li
2373 2785 2415 2822 s.
2453 2767 2611 2823 Vrat.
2634 2770 2704 2822 A.

413 2836 663 2904 ἑντρέχει
714 2835 944 2916 Βατοοο.
1004 2842 1133 2901 γυῖα
1178 2835 1372 2890 ACDE
1419 2835 1538 2904 Syr.
1595 2835 1749 2890 Harl.
1858 2835 2019 2889 ownl.
2078 2834 2264 2958 Frgm.
2377 2851 2486 2893 osc.
2542 2836 2704 2916 Rom.

412 2902 789 3027 55955
826 2902 971 3025 158·
1017 2902 1409 3026 ciffis..
1423 2902 1509 3023 df..
1528 2903 1710 3025 12³2...
1726 2933 1803 3024 ῑ.
1838 2904 2114 3026 {aasz}
2663 2923 2704 2961 ε·

410 3046 526 3102 398.
566 3015 646 3094 50.
684 3011 823 3108 nofe
857 3041 908 3092 A
951 3080 964 3092 .
1001 3016 1138 3105 ἦΰτε
1178 3038 1281 3092 GH
1317 3039 1461 3093 Flor.
1497 3042 1636 3094 αὖτε
1673 3038 1888 3092 Townl.
1926 3040 2027 3105 ἦτε
2066 3012 2223 3095 vrat‘.
2263 3040 2325 3092 A.
2363 3018 2581 3104 γίγνετ’
2614 3039 2659 3092 E
2696 3017 2708 3029 ⁸

412 3108 533 3177 Syr.
572 3107 731 3161 Rom.
767 3108 941 3173 γίνετ’
974 3106 1226 3162 ACDGH
1262 3106 1348 3164 Et.
1387 3106 1501 3177 Mg.
1539 3113 1657 3172 398,
1694 3114 1778 3161 50.
1812 3106 2004 3171 γίνετο
2040 3106 2220 3163 Schol.
2259 3106 2297 3161 Ε
2332 3114 2451 3161 453.
2488 3109 2705 3173 γίνεται

414 3175 596 3229 Schol.
637 3179 671 3231 Γ
709 3182 788 3230 10.
826 3206 887 3214 -
926 3180 1023 3229 387
1070 3176 1329 3230 ὲςπάςετ’
1363 3174 1429 3233 Η.
1477 3176 1774 3244 πατρώϊον
1821 3177 1984 3295 &goe
2031 3176 2258 3242 ἔρυςςεν
2303 3174 2489 3243 Apoll.
2537 3174 2707 3297 8οὲῙέ

420 3249 533 3310 147,
570 3249 619 3301 6.
675 3272 740 3282 -—
793 3249 894 3298 389
939 3244 1168 3310 ἀχῖλεύς
1216 3242 1275 3297 C.
1331 3272 1393 3283 ·-
1448 3250 1549 3297 390
1597 3245 1740 3311 πόρε
1791 3242 1830 3295 L
1903 3258 1988 3309 yr.
2035 3241 2181 3312 Lips.
2236 3243 2380 3309 τάμε
2415 3240 2610 3297 ACDG

417 3379 601 3433 Schol.
638 3378 799 3437 Pind.
838 3378 1000 3438 Nem.
1036 3378 1134 3445 111,
1172 3385 1253 3436 55.
1294 3408 1356 3418 —
1395 3385 1491 3433 391
1529 3337 1592 3432 ἐζ
1629 3342 1887 3447 κορωρῆει
1921 3380 1987 3436 A.

550 3548 617 3602 A.
654 3569 704 3603 c.
777 3554 877 3603 376
913 3548 1241 3616 ἀρίςταρχος
1287 3550 1356 3602 τό
1404 3565 1467 3602 τε
1515 3549 1732 3603 καίεται
1777 3547 1905 3601 Did
1968 3565 2126 3602 mus.
2173 3584 2238 3592 —
2283 3552 2385 3602 384
2421 3548 2608 3601 οὕτως
2644 3548 2706 3602 ἕο

414 3618 594 3672 αὐτοῦ
648 3617 705 3671 αἰ
757 3618 1116 3695 ἀριςτάρχου·
1170 3618 1474 3684 ζηνόδοτος
1529 3617 1627 3671 ἑοῦ
1679 3617 1857 3670 αὐτοῦ
1967 3615 2256 3684 idymus.
2313 3616 2374 3670 δὲ
2427 3615 2485 3669 οἷ
2531 3616 2707 3670 αὐτοῦ

414 3685 652 3739 Ptolem.
710 3684 1035 3739 Ascalomta.
1097 3685 1244 3737 teste
1296 3682 1636 3738 Herodiano.
1690 3713 1755 3725 -
1809 3690 1907 3739 386
1955 3684 2084 3738 εὖτε
2128 3682 2507 3737 Aristarchus:
2564 3685 2706 3738 ὥςτε

417 3752 836 3823 Aristophanes,
874 3754 930 3807 αἱ
966 3752 1083 3806 ἀπὸ
1118 3756 1241 3805 τῶν
1278 3753 1538 3818 πόλεων,
1568 3758 1737 3819 ,,τῶν
1772 3754 1820 3806 δ’
1849 3753 2045 3806 αῦτε“.
2081 3753 2367 3819 πρότερον
2400 3752 2642 3818 γράφων
2676 3753 2710 3805 ὁ

418 3822 770 3889 Ἀρίςταρχος
816 3827 938 3890 ,,τῷ
974 3822 1026 3873 δ’
1071 3821 1235 3874 εὖτε“
1293 3822 1647 3887 μετέγραψεν
1682 3822 1917 3886 ὕςτερον
1957 3836 2022 3878 ,τ
2118 3821 2169 3873 δ’
2203 3820 2397 3879 αὖτε·“.
2444 3819 2709 3884 ἐμφαντι-

416 3894 675 3956 κώτερον
720 3889 944 3954 νομίςας
993 3890 1140 3943 εἶναι
1184 3888 1618 3952 ὑπακουομένου
1663 3893 1768 3942 τοῦ
1815 3889 1894 3942 ὡς
1931 3886 2008 3940 Di
2068 3903 2277 3956 ymus.
2326 3917 2392 3927 —
2439 3890 2705 3941 388-391

416 3960 754 4012 ἀθετοῦνται
789 3957 963 4023 ςτίχοι
997 3957 1273 4024 τέςςαρες.
1322 3957 1567 4010 ἐνταῦθα
1613 3957 1715 4022 μὲν
1760 3956 1970 4011 αὐτοὺς
2014 3955 2338 4023 Ζηνόδοτος
2375 3954 2710 4009 ’καταλέλοι-

418 4043 551 4083 πεν.
605 4027 698 4081 ἐπὶ
742 4027 804 4079 δὲ
848 4030 952 4079 τοῦ
988 4025 1329 4093 Πατρόκλου
1378 4024 1456 4091 (Π
1497 4025 1784 4092 141-144)
1833 4026 2109 4092 ἠθέτηκεν
2142 4022 2597 4078 Aristonicus,
2650 4022 2708 4074 in

419 4093 539 4148 cod.
577 4097 626 4147 A
674 4094 925 4162 quinque
974 4109 1166 4146 versus
1201 4094 1514 4159 (387-391)
1553 4090 1732 4146 obelis
1767 4092 1899 4146 sunt
1931 4090 2142 4154 notati,
2179 4090 2463 4159 adscripto
2499 4088 2710 4143 scholio

418 4161 646 4230 Didymi
682 4162 816 4216 οὐδὲ
848 4162 910 4215 ἐν
944 4166 1069 4215 ταῖς
1093 4162 1287 4215 ἄλλαις
1322 4161 1464 4227 ἦςαν
1488 4159 1544 4215 οἱ
1579 4160 1967 4224 ἀθετοῦμενοι.
1993 4195 2060 4204 -
2084 4166 2184 4214 390
2219 4159 2309 4213 καὶ
2334 4160 2477 4225 πόρε
2501 4158 2709 4225 χείρων

420 4299 468 4349 A
502 4298 563 4349 in
599 4313 775 4365 marg.
813 4298 1108 4364 utrumque
1145 4296 1499 4350 Aristarchus
1544 4295 1692 4350 toste
1736 4294 1978 4364 Didymo
2023 4294 2097 4349 ad
2131 4295 2188 4347 Π
2229 4298 2339 4350 143.
2386 4323 2453 4334 ——
2496 4299 2593 4349 391
2643 4244 2712 4347 εἴ(

422 4370 704 4434 κορυφῆςι
742 4366 927 4418 οὕτω(
966 4367 1363 4435 πληθυντικῶς
1400 4363 1456 4417 αἱ
1493 4364 1825 4432 ἀριςτάρχου
1864 4362 2212 4433 Didymus.
