3144 5006
1249 416 1582 474 ιΛιΑΔος
1629 415 1726 471 lv.
2253 500 2257 505 .
2508 380 2625 478 1Οῆ

520 574 731 653 χερςὶν
778 572 902 653 ὑφ’
943 570 1310 656 ἡμετέρῃςιν
1353 573 1600 639 ἅλοῦςά
1641 593 1710 657 τε
1755 571 2118 652 περθομένη
2161 591 2249 635 τε.

689 677 780 740 ὣς
823 676 1026 741 εἰπὼν
1072 675 1226 740 τοὺς
1270 677 1385 755 μὲν
1431 675 1617 742 λίπεν
1661 674 1894 757 αὐτοῦ,
1940 678 2015 754 βῆ
2062 674 2134 738 δὲ
2178 672 2318 752 μετ’
2361 671 2629 736 ἄλλους·

518 778 661 843 ἔνθ’
705 777 744 843 ὅ
788 798 860 854 γε
908 777 1182 856 Νέςτορ’
1225 776 1473 860 ἔτετμε,
1519 777 1703 853 λιγὺν
1745 778 2013 843 Πυλίων
2059 774 2413 855 ἀγορητήν,

519 881 632 945 οὓς
679 879 949 958 ἑτάρους
993 879 1341 947 ςτέλλοντα
1385 880 1488 944 καὶ
1530 878 1892 958 ὀτρύνοντα
1934 879 2265 959 μάχεςθαι,

349 987 471 1044 295
518 983 685 1062 ἀμφὶ
727 982 927 1060 μέγαν
968 981 1357 1058 Πελάγοντα
1400 981 1749 1061 Ἀλάςτορά
1791 1002 1858 1046 τε
1906 981 2187 1060 Χρομίον
2230 1000 2299 1044 τε

517 1082 763 1163 Αἵμονά
805 1104 874 1148 τε
919 1083 1213 1163 κρείοντα
1260 1081 1493 1150 Βίαντά
1536 1104 1635 1161 τε,
1682 1083 1957 1164 ποιμένα
1999 1087 2198 1148 λαῶν.
2254 1150 2258 1157 ,

520 1186 758 1264 ἱππῆας
801 1187 917 1264 μὲν
961 1191 1187 1265 πρῶτα
1233 1186 1347 1252 ςύν
1386 1185 1677 1252 ἵπποιςιν
1722 1186 1823 1251 καὶ
1866 1183 2124 1266 ὄχεςφι,

519 1288 757 1352 πεζοὺς
800 1287 867 1352 δ’
909 1287 1162 1354 ἐξόπιθε
1209 1290 1428 1365 ςτῆςεν
1472 1288 1716 1353 πολέας
1759 1308 1828 1352 τε
1873 1288 1975 1351 καὶ
2017 1286 2279 1351 ἑςθλοὺς

521 1389 707 1467 ἕρκος
751 1388 901 1470 ἔμεν
947 1390 1297 1469 πολέμοιο·
1342 1390 1579 1455 κακοὺς
1622 1392 1688 1453 δ’
1733 1390 1798 1455 ές
1844 1390 2071 1469 μέςςον
2117 1389 2408 1466 έλαςςεν,

350 1498 479 1555 300
522 1490 701 1572 ὄφρα
743 1493 849 1557 καὶ
891 1492 1012 1557 οὐκ
1054 1492 1295 1557 ἐθέλων
1340 1514 1432 1558 τις
1476 1491 1787 1575 ἀναγκαίῃ
1832 1492 2175 1569 πολεμίζοι.

519 1593 813 1659 ἱππεῦςιν
857 1594 975 1672 μὲν
1019 1594 1230 1672 πρῶτ’
1276 1593 1689 1688 ἐπετέλλετο·
1734 1595 1887 1661 τοὺς
1929 1595 2055 1673 γὰρ
2099 1594 2337 1667 ἀνώγει

522 1696 725 1775 ςφοὺς
765 1694 1010 1762 ἵππους
1054 1695 1313 1778 ἐχέμεν,
1357 1698 1439 1777 μὴ
1484 1698 1557 1762 οὲ
1601 1697 1965 1762 κλονέεςθαι
2011 1695 2244 1778 ὁμίλῳ·
2280 1710 2285 1715 ’

690 1798 846 1877 μηδέ
888 1819 983 1863 τις
1025 1798 1349 1882 ἱπποςύνῃ
1394 1819 1462 1863 τε
1507 1800 1611 1865 καὶ
1654 1799 1968 1878 ἠνορέηφι
2012 1799 2340 1861 πεποιθὼς
2432 1856 2437 1863 .

523 1899 666 1965 οἶος
709 1900 942 1978 πρόςθ’
983 1899 1203 1965 ἄλλων
1249 1899 1507 1980 μεμάτω
1552 1900 1826 1978 Τρώεςςι
1870 1899 2195 1981 μάχεςθαι,

351 2006 475 2066 305
523 2001 676 2081 μηδ’
719 2002 1169 2081 ἀναχωρείτω·
1216 2003 1732 2082 ἀλαπαδνότεροι
1776 2002 2173 2081 γὰρ-ἔςεςθε.

521 2105 596 2169 ὃς
639 2103 711 2168 δέ
756 2103 822 2168 κ’
865 2102 1027 2183 ἀνὴρ
1072 2103 1222 2169 ἀπὸἶ
1249 2105 1343 2170 ὧν
1389 2104 1605 2184 ὀχέων
1649 2105 1821 2183 ἕτερ’
1864 2103 2101 2182 ἅρμαθ’
2141 2102 2379 2182 ἵκηται,

522 2204 693 2284 ἔγχει
737 2195 1091 2288 ὀρεξάςθω,
1136 2207 1277 2272 ἐπεὶ
1318 2204 1357 2283 ἦ
1403 2207 1575 2271 πολὺ
1619 2207 1937 2287 φέρτερον
1984 2205 2176 2270 οὕτω.

524 2306 654 2372 ὧδε
697 2307 799 2373 καὶ
842 2307 906 2371 οἱ
948 2307 1255 2388 πρότεροι
1299 2300 1532 2374 πόλιας
1577 2309 1677 2373 καὶ
1719 2309 1916 2388 τείχε’
1959 2308 2277 2388 ἐπόρθεον

521 2408 713 2475 τόνδε
757 2409 919 2477 νόον
963 2410 1067 2474 καὶ
1109 2411 1313 2490 θυμὸν
1359 2411 1457 2476 ἑνὶ
1500 2410 1814 2488 ςτήθεςςιν
1859 2411 2141 2490 ἔχοντες.

486 2646 557 2706 V.
597 2666 646 2700 1..
699 2652 798 2702 291
835 2648 1183 2715 ἡμετέροιςιν
1219 2646 1283 2702 G.
1328 2650 1625 2715 ήμετέρῃςι
1664 2647 1726 2701 Ο.
1773 2649 1981 2703 άλοῠςά
2016 2646 2085 2705 D.
2117 2677 2187 2688 —
2218 2653 2318 2700 292
2354 2649 2430 2701 ὡς
2470 2648 2533 2704 Α.
2573 2678 2633 2688 -

344 2721 449 2770 293
486 2717 653 2781 λιγὴν
676 2714 747 2770 M.
785 2717 1009 2783 πηλίων
1046 2715 1167 2775 GN.
1197 2746 1258 2755 —
1284 2722 1386 2771 294
1420 2718 1768 2785 ὸτρυνέοντα
1793 2716 1853 2771 C.
1879 2746 1945 2756 —-
1968 2722 2069 2771 295
2104 2717 2340 2783 χρόμῖόν
2376 2714 2635 2770 CDGIIM

343 2799 434 2854 Et..
473 2798 590 2869 Mg.
630 2806 720 2864 35,
757 2805 839 2854 25.
891 2817 956 2855 τε
992 2802 1210 2866 ςχέδιόν
1244 2812 1308 2855 τε
1343 2801 1400 2855 L.
1449 2831 1512 2840 -
1558 2808 1660 2855 296
1706 2802 1911 2866 αἷμονά
1945 2801 2011 2855 Ν.
2067 2785 2330 2866 metm-“ra
2365 2799 2430 2864 G,
2466 2803 2532 2853 ut
2566 2800 2641 2854 sit

340 2884 558 2922 nomen
602 2868 910 2937 proprium.
977 2869 1184 2923 αἵμονα
1248 2886 1313 2923 τε
1376 2870 1608 2936 κρίοντα
1662 2869 1855 2923 θόωνά
1910 2885 1975 2923 τε
2019 2871 2295 2936 δηῖπυρόν
2338 2886 2403 2922 τε
2450 2868 2635 2936 Apoll.

339 2936 480 2990 Lex.
529 2940 606 2999 14,
644 2942 692 3001 9,
731 2937 874 2989 conf.
915 2938 958 2990 Ν
997 2943 1079 2990 92.
1115 2968 1174 2977 -
1204 2943 1305 2990 297
1341 2938 1631 3004 πρώτιςτα
1665 2937 1820 2990 Vrat.
1855 2937 1908 2990 b.
1945 2954 1992 2990 ο.
2027 2935 2195 2990 Mose.
2236 2942 2279 2988 1.
2317 2944 2363 2990 3.
2402 2942 2637 3002 πρῶτον

341 3002 418 3055 Μ.
454 3004 677 3058 ἵπποιςι
715 3001 922 3057 DEGL.
959 3006 1156 3069 ὄχεςφι
1193 3004 1349 3060 ΟΜΝ
1386 3005 1564 3060 Cram.
1593 3006 1697 3057 An.
1734 3006 1858 3063 Par.
1896 3005 1991 3064 ΙΙΙ,
2029 3010 2147 3065 283,
2183 3010 2229 3059 9.
2268 3003 2488 3056 Pseudo
2510 3003 2634 3056 ssut.

341 3078 461 3133 156,
510 3077 597 3125 19:
625 3073 868 3138 ’ὀχεςφιν
905 3071 1269 3126 ADEGHLO.
1308 3102 1372 3111 —
1407 3078 1507 3127 298
1543 3074 1802 3128 ἐξόπιθεν
1838 3073 2030 3126 ADLO
2067 3071 2297 3127 Maxim.
2329 3070 2458 3138 Tyr.
2547 3070 2635 3124 ise.

337 3139 496 3205 XVI,
539 3147 584 3194 6.
625 3137 987 3206 Ρεοῑιιὶορίιιίς.
1029 3146 1139 3205 156,
1182 3148 1260 3195 19.
1308 3141 1600 3196 ἐξόπιςθεν
1637 3140 1800 3212 CGH.
1838 3142 2143 3196 ἐξώπιςθεν
2178 3139 2247 3193 N.
2284 3139 2535 3194 ἐξόπιςθε
2576 3138 2633 3192 Ε.

336 3212 514 3274 ςτῆςε
554 3205 665 3263 EG.
725 3211 933 3271 ςτῆςαν
966 3206 1042 3259 Μ.
1100 3225 1164 3262 τε
1200 3207 1309 3262 AC.
1355 3240 1421 3248 -
1467 3215 1566 3264 299
1604 3210 1773 3273 μέςον
1808 3208 1978 3264 CGM.
2010 3239 2089 3267 ,-
2134 3214 2234 3262 300
2278 3206 2633 3278 τίςΟΜΝΟ.

332 3274 626 3341 πολεμίζῃ
663 3273 913 3328 DMNOS
951 3273 1133 3329 Schol.
1169 3279 1220 3331 Δ
1255 3282 1373 3330 296.
1411 3277 1733 3342 πολεμίζειν
1770 3276 1828 3329 L.
1866 3307 1931 3316 —-
1968 3283 2062 3331 301
2104 3277 2331 3331 ἱππεῠςι
2367 3274 2633 3329 GHMNO

331 3343 492 3412 Lips.
539 3343 765 3396 ίππεῦςι
803 3343 906 3409 μὲν
940 3344 1192 3410 πρώτοις
1227 3345 1568 3399 ἐπετέλλετο
1606 3344 1790 3400 Schol.
1830 3346 1873 3398 Α
1916 3351 1994 3399 16.
2041 3347 2367 3400 ἐπιτέλλετο
2403 3342 2457 3401 S.
2501 3345 2635 3398 τοὺς

331 3482 442 3546 μὲν
481 3476 748 3532 DLMNO
787 3477 946 3536 Cant.
980 3477 1134 3532 Harl.
1170 3478 1327 3533 Vrab.
1363 3497 1410 3533 a..
1436 3479 1491 3534 b.
1529 3429 1642 3546 ιγιὲε
1668 3481 1740 3533 A.
1776 3511 1838 3519 —
1865 3487 1964 3534 302
2003 3482 2075 3545 μὴ
2112 3482 2174 3535 δὲ
2212 3478 2636 3535 CDGHLMNO.

327 3577 402 3587 —
425 3554 539 3603 303
577 3549 656 3612 μὴ
692 3547 753 3599 δέ
778 3544 1037 3600 CDLNO.
1075 3547 1414 3614 ίπποςύνηςῑ
1449 3551 1538 3602 καὶ
1565 3548 1631 3602 D.
1670 3549 1950 3615 ἠνορέηφι·
1985 3547 2121 3603 CEG
2150 3547 2387 3616 Hesych.
2424 3547 2493 3608 ΙΙ,
2520 3552 2637 3600 282.

329 3645 400 3655 —-
437 3622 550 3671 304
586 3616 823 3680 τρώεςςι
858 3612 1014 3668 CGL.
1057 3644 1124 3653 -—
1169 3623 1268 3669 3Οό
1304 3618 1379 3682 μὴ
1416 3619 1467 3670 δ’
1502 3615 1886 3673 CDGHMNO.
1932 3647 1997 3655 —
2041 3622 2141 3670 306
2177 3618 2238 3670 ὃς
2274 3619 2325 3670 δ’
2359 3617 2428 3669 ἂν
2464 3614 2522 3667 Ε.
2569 3645 2635 3654 -

328 3691 435 3739 307
475 3686 641 3747 ἐγχεῖ
679 3668 741 3734 D.
790 3683 951 3749 ἐπειῆ
988 3684 1053 3736 A.
1100 3684 1263 3749 ἐπείὴ
1302 3683 1424 3738 OD:
1463 3685 1637 3738 ceteri
1674 3686 1854 3752 ἐπειὴ.
1914 3686 2340 3752 πολυφέρτερον
2379 3681 2440 3737 G.
2479 3683 2635 3736 οὕτω

329 3748 862 3805 ACDEGHLMNO
902 3749 1047 3818 Lips.
1098 3781 1162 3790 —
1211 3756 1313 3805 308
1350 3753 1429 3807 ὣς
1464 3753 1524 3805 δὲ
1562 3755 1652 3807 καὶ
1688 3752 1753 3808 D.
1810 3756 2010 3806 πόλιας
2050 3752 2095 3804 Α
2133 3753 2188 3803 in
2228 3768 2404 3820 marg.
2443 3749 2629 3803 CDEG

327 3819 522 3876 LMO:
574 3819 791 3872 πόλεας
829 3817 946 3870 ΛΗ.
992 3819 1186 3874 πόλεις
1221 3819 1289 3873 N.
1344 3821 1624 3886 ἐπόρθεον
1659 3822 1707 3873 Α
1736 3819 1984 3874 Townl.:
2022 3821 2303 3887 ἐπόρθουν
2341 3816 2633 3872 CEGIILM

329 3887 498 3942 NOS.
561 3887 779 3962 ἐπόρθρ
809 3884 857 3937 D
894 3886 1034 3954 (sie).
1071 3917 1134 3925 —
1171 3893 1272 3954 3Q9
1307 3888 1388 3942 ἑνι
1426 3889 1489 3942 Α.
1530 3889 1786 3955 ςτήθεςιν
1823 3887 1951 3944 GM.

469 4090 547 4144 A.
588 4107 638 4142 c.
692 4094 792 4143 295
829 4090 1070 4156 Χρομίον
1105 4091 1341 4156 νοωτοε,
1378 4093 1523 4145 conf.
1560 4091 1628 4145 H.
1667 4091 1730 4146 T.
1771 4097 1887 4149 399.
1925 4119 1989 4129 —-
2026 4096 2125 4144 299
2159 4092 2348 4144 οὕτως
2385 4090 2637 4159 ἀρίςταρ-

357 4178 427 4216 ος
475 4162 751 4220 ἐλαςςεν,
797 4159 959 4212 ἄλλοι
1002 4160 1064 4213 δὲ
1108 4159 1302 4226 ἔεργεν
1347 4159 1693 4227 Didymus,
1746 4189 1813 4198 —
1865 4164 1966 4213 308
2011 4160 2222 4213 πόλεας
2265 4158 2635 4224 Aristarchu3‚

369 4228 725 4288 tolemaeuS,
762 4224 1140 4280 Herodianus:
1178 4226 1276 4280 alii
1312 4229 1539 4294 πολέας,
1580 4228 1672 4281 vel
1708 4229 1930 4282 πόλιας.
1981 4228 2180 4280 πόλιας
2217 4226 2269 4279 le
2316 4227 2428 4279 itur
2463 4226 2633 4281 etiam

316 4303 354 4352 θ
391 4303 531 4360 560,
573 4297 678 4346 574
722 4296 917 4347 πόλιες
965 4312 998 4348 ο
1031 4300 1147 4348 412.
1201 4295 1481 4363 ἐπόρθεον
1537 4301 1597 4348 in
1646 4294 1755 4349 fine
1802 4311 1993 4348 versus
2039 4294 2396 4348 scribentum
2444 4297 2529 4349 est
2574 4301 2638 4351 ut.

315 4382 352 4433 p
395 4369 496 4418 161
543 4361 904 4427 ἐγεγώνευν,
939 4362 1081 4416 conf.
1123 4365 1166 4419 Η
1206 4369 1335 4430 310,
1372 4364 1414 4416 Λ
1452 4369 1580 4430 282,
1617 4366 1666 4420 Ξ
1704 4369 1825 4430 116,
1866 4363 1904 4416 Ρ
1946 4367 2069 4431 142,
2107 4363 2154 4417 Υ
2190 4369 2306 4423 218,
