3144 5006
1390 452 1728 508 ΙΛΙΑΔΟ(
1786 449 1906 506 XV.
2688 452 2764 515 ’Π

650 609 749 671 ςοὶ
792 608 849 671 δ’
893 606 1066 690 αὐτῷ
1112 608 1354 686 μελέτω
1399 606 1744 686 ἑκατηβόλε
1789 604 2092 690 φαίδιμος
2136 605 2409 684 Ἕκτωρ·

647 709 864 788 τόφρα
906 709 1037 788 γὰρ4
1075 707 1195 773 οὖν
1241 707 1303 773 οἱ
1348 706 1553 787 ἔγειρε
1599 708 1792 788 μένος
1837 708 2031 791 μέγα,
2077 706 2232 788 ὄφρ’
2276 707 2357 772 ἂν
2401 707 2643 787 Ἀχαιοὶ

651 810 1007 891 φεύγοντες
1049 810 1207 889 νῆάς
1251 830 1320 874 τε
1367 811 1469 902 καὶ
1511 809 1984 888 Ἑλλήςποντον
2026 809 2307 875 ἵκωνται.

647 914 854 977 κεῖθεν
902 913 958 977 δ’
1003 911 1197 977 αὐτὸς
1242 912 1370 988 ἐγὼ
1417 911 1742 992 φράςομαι
1787 910 1981 989 ἔργόν
2025 932 2095 976 τε
2144 909 2301 976 ἔπος
2345 932 2444 988 τε,

478 1020 603 1077 235
652 1014 742 1078 ὥς
785 1016 855 1079 ’κε
900 1016 1003 1079 καὶ
1047 1013 1223 1079 αὖτις
1270 1014 1513 1092 Ἀχαιοὶ
1557 1012 2000 1077 ἀναπνεύςωςι
2044 1012 2298 1077 πόνοιο.

823 1117 912 1181 ὣς
957 1115 1162 1197 ἔφατ’,
1222 1116 1362 1180 οὐδ’
1415 1115 1542 1194 ἄρα
1599 1116 1841 1195 πατρὸς
1901 1113 2369 1194 ἀνηκούςτηςεν
2414 1116 2771 1191 Ἀπόλλων,

648 1221 722 1298 βῆ
769 1219 840 1282 δὲ
886 1218 1020 1282 κατ’
1065 1218 1307 1282 Ἰδαίων
1353 1216 1564 1296 ὀρέων
1611 1216 1778 1296 ἴρηκι
1825 1217 2054 1283 ἐοικὼς

649 1320 797 1408 ὠκέι
843 1319 1277 1403 φαςςοφόνῳ,
1323 1318 1398 1383 ὅς
1443 1320 1497 1383 τ’
1541 1318 1807 1384 ὤκιςτος
1851 1323 2205 1398 πετεηνῶν.

650 1419 784 1501 εὗρ’
829 1421 969 1487 υἱὸν
1014 1422 1335 1502 Πριάμοιο
1383 1421 1774 1501 δαΐφρονος,
1822 1420 2093 1499 Ἕκτορα
2140 1424 2318 1499 δῖον,

479 1528 604 1584 240
648 1521 925 1604 ἥμενον,
975 1522 1113 1588 οὐδ’
1156 1522 1248 1587 ἔτι
1292 1525 1500 1604 κεῖτο,
1546 1524 1703 1587 νέον
1750 1522 1806 1587 δ’
1851 1521 2210 1601 ἐςαγείρετο
2255 1521 2495 1604 θυμόν,

650 1625 814 1705 ἀμφὶ
855 1626 890 1687 ἓ
930 1626 1300 1702 γιγνώςκων
1346 1625 1643 1703 ἑτάρους·
1691 1621 1850 1702 ἀτὰρ
1896 1621 2100 1703 ἆςθμα
2144 1625 2244 1688 καὶ
2286 1624 2487 1702 ἱδρὼς

649 1727 892 1800 παύετ’,
939 1726 1079 1792 ἐπεί
1124 1748 1227 1806 μιν
1274 1727 1478 1806 ἔγειρε
1523 1727 1689 1791 Διὸς
1731 1725 1886 1790 νόος
1931 1724 2263 1804 αἰγιόχοιο.

652 1828 857 1907 ἀγχοῦ
903 1830 961 1892 δ’
1002 1828 1348 1918 ἱςτάμενοςα
1379 1828 1675 1908 προςέφη
1721 1826 2026 1905 ἑιώιεργος
2069 1827 2438 1893 Ἀπόλλων·

601 1921 610 1934 ’
827 1931 1085 2009 Ἕκτορ,
1133 1930 1226 1994 υἱὲ
1270 1929 1621 2008 Πριάμοιο,
1667 1930 1726 1993 τί
1768 1929 1807 2007 ἢ
1854 1930 1925 1993 δὲ
1970 1930 2042 1994 ςὺ
2087 1930 2319 2010 νόςφιν
2363 1928 2694 1997 ἀπ’ἄλλων

489 2037 612 2096 245
656 2031 751 2110 ἧς’
796 2032 1267 2112 ὀλιγηπελέωνς
1313 2030 1352 2109 ἦ
1398 2031 1527 2095 πού
1572 2031 1630 2094 τί
1676 2051 1742 2094 ςε
1787 2034 1983 2109 κῆδοε
2024 2029 2255 2108 ἱκάνει;
2412 2099 2440 2126 ·

825 2136 942 2200 τὸν
989 2136 1044 2199 δ’
1088 2133 1571 2212 ὀλιγοδρανέων
1617 2132 1909 2213 προςέφη
1955 2132 2380 2213 κορυθαίολος
2422 2134 2696 2213 Ἕκτωρ·

657 2237 748 2302 τίς
793 2237 866 2301 δὲ
913 2236 984 2301 ςύ
1030 2237 1153 2301 ἑςςι
1199 2236 1456 2316 φέριςτε
1498 2240 1706 2315 θεῶν,
1755 2234 1829 2299 ὅς
1873 2234 1934 2315 μ’
1979 2233 2176 2313 εἴρεαι
2220 2234 2419 2315 ἄντην
2434 2258 2449 2313 ;

653 2343 772 2407 οὐκ
816 2337 971 2404 ἀίεις
1016 2335 1054 2400 ὅ
1099 2357 1175 2418 με
1220 2337 1440 2417 νηυςὶν
1487 2336 1591 2401 ἔπι
1634 2342 1987 2419 πρυμνῇςιν
2033 2338 2306 2416 Ἀχαιῶν

653 2441 766 2506 οὓς
811 2439 1082 2520 ἑτάρους
1128 2438 1446 2505 ὀλέκοντα
1492 2441 1649 2521 βοὴν
1697 2438 1939 2516 ἀγαθὸς
1987 2440 2179 2519 βάλεν
2224 2437 2377 2506 Αἴας

488 2547 613 2606 250
658 2543 977 2627 χερμαδίῳ
1022 2544 1187 2621 πρὸς
1234 2547 1491 2625 ςτῆθος,
1536 2541 1770 2632 ἔπαυςε
1818 2543 1889 2606 δὲ
1933 2541 2233 2622 θούριδος
2277 2540 2502 2621 ἀλκῆς;

653 2646 753 2709 καὶ
796 2646 872 2724 δὴ
918 2644 1048 2721 ἐγώ
1091 2645 1150 2721 γ’
1194 2644 1449 2724 ἐφάμην
1491 2644 1724 2709 νέκυας
1767 2644 1869 2707 καὶ
1911 2644 2073 2723 δῶμ’
2114 2643 2327 2709 Ἀίδαο

651 2746 839 2827 ἤματι
880 2746 1032 2833 τῷδ’
1071 2745 1341 2843 ἵξεςθαι,
1387 2744 1525 2810 ἐπεὶ
1567 2744 1765 2826 φίλον
1811 2744 1956 2811 ἄιον
2002 2744 2184 2824 ἦτορ.

620 2939 689 2994 V.
725 2959 777 2993 1..
846 2945 947 2994 232
993 2940 1097 2994 οὖν
1134 2940 1190 2994 οἳ
1223 2939 1293 2996 D.
1343 2939 1401 2994 ot
1434 2938 1503 2997 H.
1549 2939 1691 3005 μέγα
1725 2939 1952 3006 τόφρἂ
1987 2938 2054 2998 D.
2107 2970 2173 2979 —
2226 2945 2327 2995 233
2359 2939 2580 2994 ἵκονται
2613 2939 2675 2997 Ε.
2713 2968 2775 2978 -

483 3081 584 3131 234
619 3075 790 3142 ἔργόν
824 3092 890 3130 τε
926 3075 993 3128 Η.
1034 3106 1103 3118 —-
1147 3082 1247 3131 235
1284 3078 1364 3132 ὥς
1398 3031 1463 3129 κε
1498 3076 1564 3129 A.
1614 3079 1690 3131 ὥς
1728 3091 1791 3129 τε
1827 3074 1872 3128 Ε
1908 3074 2068 3131 Vrat.
2104 3076 2171 3129 A.
2214 3075 2375 3130 Rom.
2419 3076 2583 3132 αῦθϊς
2619 3075 2676 3133 C.
2714 3105 2779 3114 -

484 3149 585 3198 236
622 3144 700 3199 ὡς
737 3144 802 3202 A.
838 3173 905 3183 —
940 3149 1041 3198 237
1075 3145 1228 3213 ϊρηκι
1264 3143 1332 3202 D.
1367 3147 1518 3211 ῑρηκι
1553 3144 1622 3197 A.
1660 3173 1721 3183 —
1760 3148 1861 3198 238
1898 3145 2268 3212 φαςςοφόνωι
2303 3147 2371 3204 A.
2406 3174 2475 3184 —
2508 3150 2609 3199 239
2647 3145 2777 3212 εὗρε

492 3263 543 3315 δ’
576 3264 704 3317 υἱὸν
737 3262 901 3327 L.‚-
949 3268 1051 3316 240
1086 3264 1208 3317 οὐδ’
1240 3265 1349 3317 ἔτιε
1396 3263 1529 3317 οὐδέ
1563 3279 1618 3316 τι
1652 3261 1856 3317 DGHL
1890 3217 2234 3332 Lipffat.
2272 3263 2325 3323 d.
2360 3262 2520 3322 Rom.
2568 3263 2778 3329 ἑςαγεί-

485 3346 626 3398 ρατο
663 3329 821 3384 CDE.
861 3331 1209 3398 είςαγείρατο
1246 3331 1315 3385 Η.
1351 3332 1669 3400 ἑςαγείρετο
1706 3329 1853 3385 AGL
1887 3329 2042 3383 Harl.
2080 3331 2209 3385 vat.
2247 3362 2313 3371 —
2347 3338 2444 3386 241
2484 3331 2628 3399 ἀμφί
2664 3333 2691 3386 ἑ
2727 3330 2775 3383 D

487 3414 554 3451 ex
590 3415 732 3457 corr.
770 3397 831 3451 E.
879 3400 1212 3464 γιγνώςκων
1257 3398 1299 3452 L
1343 3398 1518 3468 Lips.:
1580 3400 1880 3465 γινώςκων
1932 3396 2248 3457 ACDEGH.
2298 3431 2358 3441 -—
2404 3406 2507 3455 244
2540 3401 2595 3454 τί
2630 3403 2666 3468 ἡ
2702 3400 2774 3452 A:

486 3466 661 3520 ceteri
695 3466 806 3533 τίη.
843 3469 904 3520 δε
943 3465 1011 3521 H.
1047 3497 1113 3506 —-
1148 3473 1249 3521 245
1285 3468 1677 3535 ὀλιγηπελέων
1701 3468 1771 3527 Α.
1810 3468 1922 3521 πού
1958 3483 2011 3519 τι
2048 3483 2104 3522 ςε
2142 3470 2207 3526 Α.
2245 3473 2358 3524 ποῦ
2395 3485 2448 3522 τι
2484 3486 2542 3524 ςε
2569 3467 2628 3528 C.
2666 3472 2777 3522 ποθ

485 3567 540 3622 τί
575 3585 634 3623 ςε
668 3567 737 3623 Ι).
778 3586 890 3623 που
925 3568 980 3622 τί
1016 3586 1074 3625 ςε
1112 3568 1226 3623 HL.
1265 3600 1331 3608 —
1374 3534 1516 3624 ff
1512 3572 1931 3638 ὀλιγοδρανέων
1966 3572 2032 3624 A.
2076 3571 2440 3639 κορυθαιόλος
2488 3570 2590 3624 AD
2626 3586 2774 3629 man.

490 3685 602 3723 ree.
639 3668 785 3724 Flor.
823 3669 983 3728 Rom.
1023 3672 1282 3738 προςέφη
1311 3672 1577 3740 ἑκάεργος
1614 3638 1890 3727 ἀπόλλων
1924 3671 1973 3724 D
2015 3680 2059 3727 1.
2097 3689 2245 3726 man.
2270 3701 2338 3712 —
2373 3678 2471 3726 247
2509 3675 2570 3727 δε
2606 3671 2675 3724 Η.
2714 3674 2776 3726 ςὺ

485 3738 591 3794 {cci
627 3736 741 3793 HL.
791 3768 856 3777 —
902 3743 1002 3792 248
1049 3741 1141 3793 ἐπὶ
1176 3738 1439 3799 ACGHL.
1486 3740 1576 3794 ἐπι
1620 3740 1684 3794 D.
1731 3771 1797 3780 —
1842 3747 1941 3795 249
1987 3742 2291 3795 ὀλέκονται
2336 3758 2371 3806 γ
2411 3784 2422 3795 .
2471 3741 2777 3794 ςτέλλοντα

485 3804 635 3874 Lips.
672 3842 737 3851 -
773 3812 871 3860 251
911 3809 1001 3860 καί
1037 3811 1148 3874 μὴν
1184 3809 1367 3887 ἔγωγ’.
1393 3807 1463 3864 Η.
1501 3838 1567 3886 --
1604 3813 1704 3863 252
1740 3812 1912 3876 ἤματι
1955 3807 2025 3867 D.
2072 3812 2221 3864 τῶδε
2256 3808 2315 3862 L.
2366 3758 2601 3864 εἶεςθαιε
2650 3809 2778 3877 ὄψε-

492 3878 612 3928 ςθαι
653 3872 1034 3928 ACDEGHLS
1071 3878 1130 3929 et
1164 3874 1370 3943 Heynu
1406 3875 1552 3934 hbn.

622 4062 687 4120 A.
726 4081 774 4116 c.
845 4066 1116 4117 231-235
1151 4062 1506 4120 ἀθετοῦνται.
1568 4065 1660 4118 καὶ
1686 4066 1837 4131 παρὰ
1874 4064 2235 4132 ἀριςτοφάνει
2259 4066 2570 4133 ἠθετοθντο
2596 4062 2781 4124 Schol.

487 4129 552 4183 A.
592 4157 654 4167 —
695 4135 794 4184 232
832 4130 966 4198 ὄφρ’
989 4132 1084 4183 dv:
1125 4131 1214 4184 διὰ
1249 4136 1352 4185 τοο
1389 4138 1424 4184 ff
1458 4132 1630 4200 τόφρ’
1666 4134 1736 4185 ἂν
1761 4133 1943 4198 ἀχαιοί
1977 4130 2031 4187 οἱ
2056 4133 2389 4201 ἀριςτάρχου
2428 4132 2776 4201 Didymus.

487 4225 557 4236 —
589 4200 691 4251 240
725 4199 914 4253 οὕτως
950 4199 1281 4266 ἀρίςταρχος
1326 4201 1416 4253 διὰ
1458 4204 1562 4253 τοῦ
1612 4207 1642 4253 ὃ
1691 4200 2006 4269 ἑςαγείρετο
2051 4206 2463 4269 παρατατικῶς.
2511 4203 2670 4255 ἄλλοι
2715 4203 2777 4256 δὲ

486 4265 811 4333 ἑςαγείρατο
835 4267 924 4321 διὰ
957 4270 1061 4320 τοο
1097 4271 1134 4320 ἃ
1172 4266 1516 4336 Didymus.
1550 4296 1619 4307 -
1653 4273 1749 4320 241
1788 4269 1931 4335 ἀμφὶ
1967 4269 1995 4322 ἓ
2029 4268 2429 4339 Aponodorus:
2467 4268 2565 4323 alii
2599 4269 2772 4337 ἀμφίε

488 4331 671 4389 Cram.
706 4332 887 4401 Epim.
913 4339 996 4394 66,
1030 4340 1113 4392 30.
1150 4335 1562 4401 ὁρθοτονητέον
1599 4339 1708 4402 τὴν
1733 4337 1761 4389 ἕ
1794 4335 2246 4392 Herodianus.
2284 4366 2349 4377 -
2384 4342 2484 4391 252
2521 4337 2783 4406 ἀρίςταρ-

487 4416 584 4466 χος
619 4399 848 4467 ἵξεςθαι,
885 4404 976 4456 καὶ
1013 4401 1198 4471 [ἐςτιν]
1235 4404 1340 4457 οὐκ
1376 4404 1567 4473 ἄχαρις
1605 4406 1641 4471 ἡ
1678 4406 1870 4471 γραφή
1908 4403 2258 4472 Didymus.
