3144 5006
1180 458 1510 550 ιΛιΑΔος
1572 458 1748 513 xxm.
2481 460 2609 523 309

493 609 559 673 αἵ
602 613 633 676 ἑ
676 614 831 689 μετὰ
877 613 1081 691 ςφίςιν
1127 611 1310 691 εἶχον
1354 614 1754 693 ἀτυζομένην
1801 614 2169 679 ἀπολέςθαι.

321 716 447 773 475
493 713 531 790 ἣ
578 713 634 776 δ’
678 713 815 777 ἐπεὶ
859 711 979 777 οὖν
1023 713 1307 794 ἔμπνυτο
1351 716 1453 779 καὶ
1497 715 1562 781 ἐς
1608 716 1820 795 φρένα
1863 716 2058 794 θυμὸς
2105 713 2370 798 ἀγέρθη,

493 813 822 894 ἀμβλήδην
867 814 1126 890 γοόωςα
1169 817 1323 895 μετὰ
1368 816 1653 900 Τρῳῇςιν
1701 816 1946 881 ἔειπεν·

668 915 926 995 Ἕκτορ,
973 917 1100 993 ἐγὼ
1148 916 1482 996 δύςτηνος·
1530 917 1590 1001 ἰῇ
1637 917 1762 997 ἄρα
1804 917 2121 998 γεινόμεθ’
2164 916 2306 1002 αἴςῃ

492 1016 877 1097 ἀμφότεροι,
925 1018 996 1082 ςὺ
1042 1018 1270 1097 μὲν-ἐν
1318 1019 1512 1103 Τροίῃ
1554 1020 1850 1100 Πριάμου
1893 1022 2052 1085 κατὰ
2096 1025 2308 1105 δῶμα,

491 1119 692 1199 αὐτὰρ
739 1118 868 1195 ἐγὼ
915 1119 1191 1203 Θήβῃςιν
1238 1118 1366 1185 ὑπὸ
1413 1120 1652 1204 Πλάκῳ
1701 1121 1965 1206 ὑληέςςῃ

319 1225 446 1283 480
492 1219 561 1285 ἐν
607 1221 787 1302 δόμῳ
831 1221 1206 1302 Ἠετίωνος,
1254 1220 1292 1286 6
1335 1222 1395 1300 μ’
1437 1223 1671 1302 ἔτρεφε
1714 1225 1946 1289 τυτθὸν
1992 1224 2256 1308 έοῦςαν,

490 1321 809 1401 δύςμορος
854 1322 1239 1401 αἰνόμορον·
1287 1321 1378 1387 ὡς
1423 1325 1502 1403 μὴ
1549 1324 1807 1404 ὤφελλε
1853 1326 2154 1390 τεκέςθαι.

488 1427 608 1488 νῦν
654 1425 726 1488 δὲ
771 1424 843 1488 ςὺ
887 1426 1001 1501 μὲν
1046 1424 1257 1489 Ἀίδαο
1303 1425 1542 1504 δόμους
1589 1424 1716 1491 ὑπὸ
1761 1429 2003 1492 κεύθεςι
2048 1430 2230 1507 γαίης

489 1524 735 1608 ἔρχεαι,
781 1524 980 1605 αὐτὰρ
1028 1525 1136 1606 ἐμὲ
1181 1531 1462 1609 ςτυγερῷ
1508 1527 1603 1593 ἐνὶ
1646 1529 1868 1594 πένθεϊ
1912 1529 2145 1595 λείπεις

491 1626 690 1706 χήρην
736 1627 806 1692 ἐν
854 1628 1191 1707 μεγάροιςι.
1276 1628 1425 1693 πάις
1469 1628 1527 1692 δ’
1568 1627 1673 1694 ἔπι
1717 1630 1949 1708 νήπιος
1993 1630 2231 1709 αὔτως,
2361 1704 2375 1718 ‚

318 1734 443 1792 485
490 1728 570 1793 ὃν
616 1728 879 1806 τέκομεν
926 1728 998 1792 ςύ
1042 1729 1096 1793 τ’
1140 1729 1269 1804 ἐγὼ
1313 1749 1383 1794 τε
1427 1730 1843 1811 δυςάμμοροι·
1890 1730 2039 1796 οὔτε
2087 1733 2158 1798 ςὺ
2202 1733 2413 1817 τούτῳ

490 1830 693 1895 έςςεαι
735 1830 963 1909 Ἕκτορ
1008 1828 1259 1909 ὄνειαρ,
1309 1831 1450 1896 ἐπεὶ
1492 1831 1723 1914 θάνες,
1770 1831 1919 1898 οὔτε
1965 1834 2060 1897 ςοὶ
2107 1834 2316 1898 οὗτος.

487 1930 568 2009 ἤν
614 1951 737 2011 περ
779 1932 905 2011 γὰρ
948 1932 1235 2010 πόλεμόν
1277 1952 1354 2010 γε
1398 1933 1576 2016 φύγῃ
1619 1934 2031 2013 πολύδακρυν
2077 1935 2378 2017 Ἀχαιῶν,

495 2032 613 2097 αἰεί
657 2052 756 2097 τοι
801 2035 1013 2118 τούτῳ
1056 2054 1131 2109 γε
1175 2034 1382 2100 πόνος
1427 2034 1527 2098 καὶ
1570 2034 1742 2112 κήδε’
1786 2034 2024 2100 ὀπίςςω

487 2133 756 2200 ἔςςοντ’·
805 2135 991 2200 ἄλλοι
1036 2134 1158 2215 γάρ
1204 2135 1264 2199 οἱ
1309 2134 1792 2214 ἀπουρίςςουςιν
1840 2135 2137 2215 ἀρούρας.

452 2387 518 2440 V.
557 2406 608 2443 ι..
680 2395 780 2443 474
817 2406 955 2454 μετα
989 2388 1056 2442 D.
1103 2390 1243 2453 μετά
1288 2395 1469 2455 ςφιςϊν
1504 2389 1572 2446 H.
1619 2391 1928 2459 μεταςφῇς’
1963 2392 2095 2457 ἔχον
2143 2390 2198 2443 L.
2251 2394 2392 2455 μετὰ
2439 2395 2602 2460 ςφῇς·

314 2458 446 2524 ἔχον
481 2455 628 2525 Εἱρε.
676 2461 876 2524 ςφῆςιν
911 2456 970 2512 C.
1017 2459 1366 2525 ἀτυζομένης
1401 2457 1461 2512 L.
1510 2459 1812 2514 ἀπολέςθαι
1855 2460 1890 2525 ἢ
1938 2459 2188 2514 ὀλέεςθαι
2224 2458 2285 2513 Ε.
2324 2489 2387 2499 ——
2424 2467 2525 2514 475
2563 2464 2595 2526 ἦ

315 2527 366 2578 δ’
399 2524 447 2576 D
495 2541 609 2580 acc.
656 2542 803 2578 man.
850 2541 959 2578 rec.
1014 2527 1105 2589 ἥδ’
1150 2524 1305 2580 CGL.
1359 2526 1533 2594 ἐπείρ·
1577 2526 1626 2579 Α
1669 2525 1762 2581 011.
1808 2526 1976 2595 Soph.
2015 2535 2064 2593 8,
2103 2535 2187 2586 2-2..
2220 2530 2345 2583 ἀλλ’
2378 2531 2502 2582 ἐπεὶ
2549 2529 2598 2581 11

323 2591 473 2646 Vrat.
509 2591 561 2650 d.
609 2596 640 2630 *
675 2597 953 2660 έμπνυτοε
1000 2592 1130 2646 libri
1184 2596 1460 2659 ἄμπνυτο.
1513 2600 1621 2660 θυμ
1662 2612 1695 2648 ν
1740 2593 1922 2651 Schol.
1976 2595 2018 2648 Χ
2076 2601 2191 2650 468.
2249 2595 2393 2650 Flor.
2437 2596 2598 2655 Rom,

315 2662 553 2727 ἄγερθεν
589 2662 649 2716 L.
708 2691 776 2700 —
820 2667 920 2715 476
964 2677 1103 2728 τρωι
1148 2677 1250 2716 ιςιν
1286 2662 1360 2714 A:
1408 2662 1580 2715 ceteri
1616 2678 1733 2729 τρω
1778 2679 1877 2717 ςιν.
1972 2680 2072 2717 ετα
2108 2663 2174 2718 D.
2218 2667 2468 2730 δμωῇςιν
2503 2663 2598 2717 DL

317 2727 464 2797 Lips.
502 2727 678 2786 Paris.
717 2730 783 2782 A.
825 2729 883 2783 C.
929 2728 1089 2817 Dion.
1189 2728 1314 2809 alie.
1360 2727 1432 2783 de
1480 2728 1672 2798 Comp.
1764 2730 1881 2784 erb.
1985 2730 2043 2787 V.
2082 2731 2269 2801 Apoll.
2306 2730 2475 2800 Soph.
2502 2737 2596 2820 ‚²⁶3

316 2794 2598 2935 335..⁴¹1⁷2331022‘⁰42202ss2..¹.:21:5..?÷¹;.25·Esstzzbssssiezhssfffi...*affirm

317 2932 644 2997 γεινόμεςθα
678 2932 726 2985 D
764 2932 909 2989 conf.
950 2935 989 2987 Κ
1016 2938 1096 2986 71.
1132 2934 1183 2988 Υ
1210 2938 1321 2987 128.
1357 2934 1406 2986 Ψ
1442 2939 1520 2988 79.
1559 2935 1604 2987 Ω
1629 2940 1742 2987 210.
1781 2937 1813 2988 δ
1836 2939 1951 2988 208.
1988 2953 2022 3003 η
2063 2939 2177 2993 198.
2215 2965 2279 2974 -
2315 2941 2415 2988 478
2453 2952 2593 2990 κατα

318 2999 382 3057 D.
421 3029 483 3040 -
521 3007 621 3054 479
666 3003 877 3068 θήβηφι
912 3000 972 3054 L.
1019 3001 1336 3069 ὑποπλάκῳ
1385 2999 1642 3058 CDEHL.
1695 3031 1751 3040 —
1801 3008 1901 3056 480
1937 3004 1969 3056 ὅ
2017 3004 2071 3066 μ’
2108 3001 2155 3054 D
2208 3010 2248 3055 1.
2285 3020 2431 3056 man.
2468 3020 2596 3056 cum

316 3066 612 3137 plerisque.
651 3070 714 3123 ὅς
752 3072 809 3133 μ’
842 3067 891 3120 D
930 3084 997 3121 ex
1037 3084 1175 3122 corr.
1210 3067 1281 3120 H.
1316 3086 1383 3136 με
1420 3071 1595 3136 τρέφε
1633 3067 1780 3138 Lips.
1817 3070 1991 3123 Paria.
2029 3071 2096 3126 A.
2139 3069 2196 3123 C.
2235 3071 2407 3124 ἐόντα
2443 3070 2504 3125 C.
2533 3101 2593 3109 -

315 3141 409 3190 481
449 3138 723 3205 δύςμορον
758 3134 927 3191 Mose.
964 3141 1012 3188 2.
1056 3134 1208 3190 Harl.
1243 3137 1435 3200 ὤφελε
1472 3136 1536 3195 D.
1587 3139 1798 3204 ὤφειλε
1832 3137 2005 3193 Paris.
2043 3140 2107 3196 A.
2153 3139 2232 3191 ὡς
2270 3142 2342 3205 μὴ
2381 3139 2594 3198 ὄφελεν

314 3205 595 3261 τεκέεςθαι
628 3203 801 3261 Paris,
838 3203 897 3256 E.
929 3233 986 3241 —-
1015 3209 1114 3258 482
1150 3208 1275 3258 πῶς
1301 3206 1362 3259 δὲ
1398 3207 1460 3258 ςὺ
1486 3203 1552 3261 H.
1593 3208 1713 3270 μὲν;
1751 3207 1852 3270 μέν
1876 3207 1928 3272 ῥ’
1952 3204 1992 3259 C
2025 3204 2157 3259 Ven.
2183 3204 2242 3257 B.
2266 3205 2417 3259 Harl.
2459 3205 2592 3260 Mor.

319 3272 483 3326 Mose.
523 3278 572 3325 2.
610 3273 880 3341 quattuor
914 3270 1112 3329 Parias,
1152 3273 1265 3326 ὑπο
1304 3273 1366 3329 A.
1415 3274 1664 3328 κεύθεςςῑ
1702 3273 1759 3328 C.
1806 3304 1869 3312 —-
1913 3279 2013 3326 483
2060 3274 2141 3327 ἐνι
2177 3272 2290 3325 ΔΙ).
2339 3275 2400 3328 ἐν
2441 3273 2594 3332 ντειῒ..

318 3341 379 3393 Α.
416 3338 563 3393 Flor.
597 3370 665 3380 -
699 3345 799 3393 484
835 3345 964 3392 παῖς
1001 3338 1066 3393 D.
1104 3342 1164 3394 δέ
1197 3356 1252 3394 τι
1287 3339 1409 3394 ΒΗ.
1447 3341 1507 3394 δέ
1540 3357 1606 3395 τε
1643 3339 1680 3394 S
1720 3340 1877 3395 Cant.
1914 3340 2087 3394 Paris.
2125 3340 2189 3398 D.
2227 3342 2284 3394 δέ
2318 3358 2383 3406 γε
2419 3341 2592 3396 Paris.

317 3410 371 3466 U.
412 3410 604 3463 αὕτως
639 3406 841 3461 AEGH
878 3405 1016 3460 Ven.
1056 3407 1116 3460 B.
1156 3424 1223 3461 ex
1262 3424 1401 3462 corr.
1438 3439 1502 3447 —
1537 3414 1640 3464 485
1673 3425 1739 3463 τε
1776 3408 1953 3463 omitt.
2001 3407 2045 3460 L
2078 3408 2230 3478 Lips.
2266 3411 2487 3464 ‘roO‘to'i'
2529 3410 2592 3463 D.

317 3505 381 3514 —
416 3480 517 3529 486
553 3477 740 3530 οὕτως
777 3473 846 3529 D.
885 3505 946 3513 —
992 3480 1090 3529 487
1129 3479 1201 3541 ἢν
1236 3478 1342 3543 γὰρ
1378 3478 1447 3543 δὴ
1494 3476 1598 3530 ΑΗ
1634 3493 1702 3531 ex
1736 3493 1874 3532 corr.
1922 3479 1995 3543 ἤν
2030 3494 2137 3544 περ
2172 3479 2279 3543 γὰρ
2314 3479 2381 3541 δὴ
2421 3477 2576 3531 Paris

314 3543 378 3598 Κ.
416 3543 588 3597 ceteri
625 3546 698 3664 gv
733 3559 841 3609 περ
874 3544 997 3609 γὰρ.
1036 3560 1121 3611 γρ.
1158 3546 1232 3609 ἤν
1268 3561 1375 3611 περ
1408 3546 1517 3613 γὰρ
1552 3544 1620 3597 A.
1656 3545 1907 3612 πόλεμόν
1944 3563 2006 3600 τε
2041 3543 2187 3614 Lips.
2227 3545 2297 3613 {?)
2336 3544 2494 3599 Vrab.
2542 3547 2593 3599 d.

313 3611 484 3666 Paris,
521 3611 587 3669 A.
680 3649 701 3667 .-
727 3610 778 3665 J.
815 3610 885 3663 Κ.
920 3609 1079 3667 Rom.
1118 3612 1365 3675 πολέμου
1402 3615 1560 3680 φύγη
1601 3611 1647 3664 D
1686 3629 1754 3666 ex
1791 3629 1930 3666 corr.
1980 3615 2149 3680 φύγοι
2184 3612 2415 3666 Barocc.
2453 3612 2593 3667 Mor.

314 3709 376 3718 -
412 3685 513 3733 488
548 3696 638 3733 τοι
687 3677 867 3736 omitt.
905 3678 974 3736 Η.
1022 3678 1168 3733 Flor.
1219 3680 1324 3734 αἰεὶ
1359 3680 1426 3746 δὴ
1463 3679 1637 3734 Paris,
1673 3679 1733 3732 E.
1781 3683 1842 3733 ἐν
1889 3683 2043 3749 ἄλλῳ
2082 3683 2207 3735 ἀλλ’
2240 3683 2364 3748 ἤτοι
2399 3683 2590 3745 τούτῳ

313 3749 374 3802 A.
432 3778 496 3786 —
549 3753 652 3802 489
696 3746 1117 3814 ἀπουρίςςουςιν
1160 3745 1405 3801 AEGHL
1453 3746 1633 3806 Schol.
1682 3751 1723 3802 Α
1769 3755 1885 3803 356.
1940 3748 2253 3817 Hesychius
2298 3747 2340 3814 1,
2386 3755 2484 3801 262
2534 3753 2594 3802 et.

351 3814 566 3883 letique
612 3814 821 3883 Heynii
872 3814 1016 3873 libri.
1069 3816 1461 3882 ἀπουρίςουςιν
1516 3815 1607 3868 DS
1654 3815 1809 3872 Vrat.
1853 3819 1921 3870 A.
1965 3816 2152 3886 Apoll.
2199 3814 2367 3884 Soph.
2413 3824 2498 3882 39,
2543 3826 2591 3871 3.

350 3887 718 3951 πουρηςουςιν
755 3884 795 3938 C
831 3882 972 3937 Ven.
1009 3883 1072 3939 B.
1106 3883 1261 3938 Harl.
1297 3882 1463 3937 Mose.
1502 3892 1548 3937 2.
1585 3883 1758 3938 Paris.
1796 3884 1858 3940 B.
1897 3885 1963 3939 H.

447 4136 514 4189 A.
552 4156 600 4190 c.
667 4142 767 4192 475
802 4141 889 4193 διὰ
924 4143 1030 4193 τοῦ
1065 4143 1103 4193 ἓ
1140 4139 1495 4207 Ἀρίςταρχος
1540 4140 1792 4204 ἔμπνυτο
1829 4139 2173 4208 Didymae,
2211 4138 2363 4214 ὀοιιῖ.
2402 4139 2439 4193 Ε
2475 4145 2590 4192 697.

319 4222 343 4258 ε
377 4208 496 4258 458.
543 4233 607 4242 -
661 4210 759 4258 478
796 4209 939 4260 κατὰ
975 4209 1161 4273 δῶμαε
1217 4207 1274 4261 αἱ
1308 4209 1626 4273 κοινότεραι
1670 4208 1913 4275 πριάμου
1949 4208 2033 4262 ἐνὶ
2069 4209 2209 4275 οἴκῳ
2251 4206 2373 4259 D1d
2384 4224 2589 4274 ymus,

318 4302 378 4310 —
413 4276 512 4325 480
549 4273 635 4325 ὅτι
670 4274 795 4327 ἀντὶ
831 4279 934 4328 τοῦ
971 4279 1186 4341 τυτθὴν
1223 4278 1314 4329 καὶ
1359 4277 1447 4329 ὅτι
1492 4276 1560 4328 τὸ
1606 4277 1637 4329 6
1684 4276 1810 4328 ἀντὶ
1855 4280 1957 4329 τοῦ
2014 4277 2076 4329 ὅς
2131 4274 2588 4331 Aristonicum.

317 4343 347 4395 6
382 4340 438 4404 μ’
474 4341 560 4393 est
592 4339 608 4392 i
652 4339 764 4393 itur
797 4340 965 4396 lectio
1006 4342 1385 4411 Aristarchea‚
1426 4342 1570 4396 conf.
1607 4342 1674 4395 H.
1704 4343 1766 4396 Τ.
1792 4348 1905 4396 326.
1943 4342 2167 4411 Didym.
2205 4342 2277 4396 ad
2312 4359 2347 4396 α
2384 4349 2500 4397 300.
2527 4371 2590 4380 -

315 4412 585 4462 487-499
658 4411 955 4463 θετοῠνται
992 4410 1165 4477 ςτίχοι
1200 4408 1269 4474 ιγ’
1305 4411 1769 4473 Aristonicus,
1808 4411 1950 4465 conf.
1976 4411 2158 4479 Apoll.
2198 4409 2367 4478 Soph.
2408 4416 2519 4474 159,
2543 4416 2591 4463 3.
