3144 5006
1295 421 1622 477 ΙΛΙΑΔΟ(
1668 420 1739 476 ΙΙ.
1867 483 1874 490 ,
2570 418 2650 481 61

706 576 776 642 οἳ
819 576 889 641 δ’
929 574 1057 657 ἄρα
1103 575 1375 656 Νίςυρόν
1418 576 1484 641 τ’
1527 574 1712 669 εἶχον
1761 572 2102 654 Κράπαθόν
2143 591 2217 638 τε
2248 571 2453 638 Κάςον
2498 591 2565 636 τε

536 680 638 743 καὶ
686 679 867 763 Κῶν,
912 677 1316 757 Εὐρυπύλοιο
1359 678 1584 755 πόλιν,
1628 678 1861 756 νήςους
1905 696 1974 742 τε
2023 674 2379 747 Καλύδνας,

534 785 669 847 τῶν
711 780 799 845 αὖ
841 781 1197 848 Φείδιππός
1238 800 1306 847 τε
1350 781 1455 845 καὶ
1493 781 1801 859 Ἄντιφος
1842 776 2203 858 ἡγηςάςθην
2217 826 2237 856 ,

538 883 863 955 Θεςςαλοῦ
906 882 1003 948 υἷε
1048 883 1185 948 δύω
1229 881 1645 961 Ἡρακλείδαο
1689 881 1993 948 ἄνακτος·

373 990 498 1049 680
537 988 677 1050 τοῖς
717 986 793 1050 δὲ
833 985 1178 1066 τριήκοντα
1217 983 1544 1064 γλαφυραὶ
1584 983 1729 1049 νέες
1772 981 2173 1063 ἐςτιχόωντο.

708 1091 829 1153 νῦν
873 1085 958 1152 αὖ
1000 1087 1155 1153 τοὺς
1199 1086 1375 1152 ὅςςοι
1418 1087 1494 1151 τὸ
1537 1084 1937 1162 Πελαςγικόν
1980 1085 2215 1165 Ἀργος
2258 1082 2511 1161 ἔναιον,

541 1188 609 1254 οἵ
649 1190 717 1254 τ’
756 1190 957 1256 Ἄλον
1001 1188 1068 1255 οἵ
1106 1190 1173 1253 τ’
1217 1187 1498 1268 Ἀλόπην
1542 1186 1611 1259 οἵ
1653 1206 1722 1252 τε
1764 1187 2050 1267 Τρηχῖνα
2091 1186 2404 1266 νέμοντο,

542 1290 610 1355 οἵ
649 1291 716 1356 τ’
758 1289 944 1371 εἶχον
991 1289 1192 1371 Φθίην
1233 1289 1315 1368 ἠδ
1332 1290 1350 1314 ’
1391 1289 1662 1355 Ἑλλάδα
1703 1289 2186 1366 καλλιγύναικα,

544 1392 950 1473 Μυρμιδόνες
992 1393 1066 1475 δὲ
1108 1395 1424 1458 καλεῦντο
1467 1392 1574 1457 καὶ
1615 1391 1921 1473 Ἕλληνες
1961 1392 2066 1456 καὶ
2108 1389 2379 1473 Ἀχαιοί,

375 1500 496 1558 685
539 1498 675 1560 τῶν
717 1493 800 1560 αὖ
844 1495 1248 1575 πεντήκοντα
1288 1499 1459 1560 νεῶν
1500 1492 1583 1572 ἦν
1627 1491 1826 1574 ἀρχὸς
1871 1491 2210 1573 Ἀχιλλεύς.

542 1596 696 1662 ἀλλ’
741 1596 807 1662 οἵ
847 1599 919 1674 γ’
961 1596 1044 1663 οὐ
1086 1596 1402 1675 πολέμοιο
1447 1596 1758 1676 δυςηχέος
1801 1594 2162 1675 ἐμνώοντο·

549 1697 630 1762 ού
673 1698 799 1779 γὰρ
841 1698 957 1781 ἔην
1001 1698 1077 1765 ὅς
1118 1700 1212 1765 τίς
1255 1718 1402 1780 ςφιν
1448 1696 1556 1763 ἐπὶ
1597 1697 1809 1778 ςτίχας
1851 1696 2175 1776 ἡγήςαιτο.

543 1803 716 1866 κεῖτο
760 1802 884 1880 γὰρ
928 1801 1002 1867 ἐν
1045 1800 1253 1881 νήεςςι
1293 1799 1621 1880 ποδάρκης
1664 1803 1806 1865 δῖος
1849 1798 2172 1878 Ἀχιλλεύς
2190 1848 2208 1876 ,

543 1902 779 1983 κούρης
821 1903 1154 1984 χωόμενος
1200 1902 1523 1983 Βριςηίδος
1565 1901 1875 1982 ἠυκόμοιο
1892 1950 1907 1978 ,

381 2010 505 2068 690
544 2005 662 2085 τὴν
707 2003 780 2071 ἐκ
820 2006 1188 2086 Λυρνηςςοῦ
1231 2003 1507 2071 ἐξείλετο
1550 2004 1767 2070 πολλὰ
1810 2003 2123 2084 μογήςας,

542 2107 906 2187 Λυρνηςςὸν
950 2107 1382 2186 διαπορθήςας
1424 2107 1529 2173 καὶ
1569 2106 1783 2187 τείχεα
1825 2104 2070 2187 Θήβης,

541 2209 664 2275 κὰδ
706 2211 781 2275 δὲ
827 2209 1084 2290 Μύνητ’
1127 2208 1357 2291 ἔβαλεν
1400 2208 1503 2274 καὶ
1547 2208 1971 2290 Ἐπίςτροφον
2016 2206 2514 2288 ἐγχεςιμώρους,

544 2309 719 2377 υἱέας
761 2310 1038 2392 Εὐηνοῖο
1084 2310 1483 2393 (εληπιάδαο
1527 2309 1805 2381 ἄνακτος
1820 2329 1834 2344 ·

541 2415 655 2492 τῆς
699 2413 738 2478 δ
779 2435 854 2492 γε
898 2413 1060 2480 κεῖτ’
1101 2414 1347 2494 ἀχέων,
1391 2412 1558 2495 τάχα
1601 2413 1670 2477 δ’
1712 2412 2118 2492 ἀνςτήςεςθαι
2161 2412 2442 2492 ἔμελλεν.

380 2519 499 2578 695
562 2571 568 2576 .
713 2517 778 2582 οἳ
821 2518 892 2583 δ’
933 2516 1115 2598 εἶχον
1162 2517 1466 2596 Φυλάκην
1511 2517 1614 2582 καὶ
1656 2516 1964 2595 Πύραςον
2007 2515 2435 2598 ἀνθεμόεντα,

509 2751 577 2806 V.
616 2771 671 2807 1..
734 2758 837 2809 676
881 2753 937 2808 οἱ
970 2753 1038 2808 A.
1095 2753 1355 2822 νίςςυρόν
1402 2751 1463 2807 L.
1522 2754 1730 2821 κράςον
1765 2769 1829 2808 τε
1877 2751 1937 2810 L.
1997 2754 2168 2809 θάςον
2202 2769 2268 2808 τε
2314 2750 2374 2806 L.
2433 2781 2500 2792 —
2557 2756 2657 2806 677

379 2823 461 2873 κῶ
496 2818 540 2872 L
574 2821 707 2889 post
737 2836 844 2875 ras.
891 2820 1075 2876 Schol.
1108 2821 1342 2876 Theocr.
1381 2821 1431 2888 Ι,
1470 2827 1548 2877 57.
1589 2852 1653 2861 -
1691 2826 1791 2876 678
1824 2826 1948 2876 τῶν
1982 2823 2033 2876 δ’
2068 2821 2140 2876 αὖ
2175 2820 2268 2875 CG
2313 2819 2451 2875 Mor.
2488 2819 2654 2874 Eton.

379 2886 534 2941 Vrat.
562 2903 610 2942 c.
632 2916 699 2927 —·
722 2893 826 2944 680
857 2890 1039 2944 τοῖςδε
1074 2887 1139 2942 Li
1179 2907 1223 2944 s.
1257 2889 1421 2943 Eton.
1456 2894 1581 2944 τῶν
1617 2891 1679 2945 δὲ
1703 2887 1867 2944 AHL.
1914 2919 1981 2928 —
2005 2894 2103 2945 681
2141 2894 2250 2943 νον
2304 2888 2393 2951 αὖ,
2430 2890 2567 2943 τοὺς
2590 2889 2656 2941 A.

376 2960 483 3010 νῦν
515 2958 652 3010 τοὺς
686 2973 733 3025 φ
773 2960 834 3024 μὶ
868 2958 986 3012 ὄςοι
1023 2954 1090 3011 G.
1126 2974 1159 3012 ο
1216 2960 1270 3012 τ’
1305 2958 1469 3012 αὐτοὶ
1504 2959 1624 3013 &cot
1660 2956 1713 3012 S.
1750 2962 1859 3011 νῦν
1893 2959 1944 3011 δ’
1978 2957 2190 3012 αὐτοὺς
2224 2929 2382 3009 ffrat.
2418 2971 2470 3009 a.
2507 2973 2556 3010 c.
2590 2955 2658 3008 A.

379 3021 560 3077 Schol.
599 2974 786 3094 Apofl.
824 3023 1005 3080 Rhod.
1040 3024 1088 3093 Ι,
1125 3032 1204 3080 14.
1241 3030 1347 3080 νῦν
1383 3027 1546 3080 αὐτοὶ
1582 3024 1741 3080 Vrat.
1776 3024 1829 3083 b.
1868 3024 1922 3079 οἱ
1957 3026 2009 3078 δ’
2043 3025 2208 3080 αὐτοὶ
2241 3025 2393 3102 §cem
2415 3021 2585 3076 Mosc.
2614 3028 2657 3078 1.

376 3095 482 3144 νῦν
524 3092 733 3147 αὐτοὺς
776 3093 893 3148 &ot
936 3093 1122 3163 Apoll.
1165 3092 1297 3149 Lex.
1344 3099 1429 3158 41,
1469 3100 1548 3149 18.
1601 3095 1720 3149 &ot
1756 3091 1824 3146 H.
1875 3122 1931 3132 -
1981 3097 2081 3147 682
2126 3091 2257 3146 libn
2291 3107 2399 3159 τρη
2457 3092 2510 3145 ν’
2545 3091 2659 3145 ἐνέ-

448 3176 570 3214 πο.
607 3189 674 3200 -
710 3164 810 3216 683
883 3162 960 3215 δέ
996 3164 1088 3217 καὶ
1122 3160 1184 3215 Ε.
1229 3191 1295 3202 —-
1340 3168 1442 3216 684
1476 3163 1539 3217 δὲ
1577 3165 1857 3216 καλεῦντο
1891 3158 2115 3216 ACELS
2162 3158 2364 3213 Strabo
2481 3199 2495 3224 ,
2531 3165 2658 3219 43ος

428 3225 527 3293 III,
563 3233 682 3282 367.
718 3226 861 3283 Scho
887 3227 980 3285 .”Β
1017 3235 1134 3295 529,
1182 3233 1195 3286 Ι
1231 3236 1349 3296 478,
1392 3230 1450 3284 Π
1485 3235 1602 3284 595.
1648 3229 1800 3283 Euat.
1841 3235 1988 3295 1059,
2026 3234 2117 3295 593
2165 3232 2314 3293 1123,
2353 3234 2430 3287 1⁷.
2478 3227 2659 3281 Cram.

378 3295 482 3349 Au.
522 3294 647 3349 Par.
683 3295 782 3362 111,
823 3302 933 3363 124,
972 3303 1019 3351 5.
1056 3295 1238 3351 Schol.
1279 3296 1462 3367 Apoll.
1499 3297 1679 3356 Rhod.
1719 3297 1759 3363 1,
1793 3301 1920 3364 2843
1957 3296 2054 3364 111,
2091 3302 2216 3352 ‘1⁷52
2262 3298 2313 3351 δ’
2349 3297 2659 3350 ἐκαλεῦντο

378 3361 429 3414 Η
466 3360 621 3417 Vrat.
656 3379 707 3416 a.
742 3365 794 3416 δ’
829 3365 1142 3420 ἐκαλοῦντο
1177 3364 1333 3420 Eust.
1371 3371 1488 3432 758,
1522 3372 1605 3420 56.
1640 3367 1702 3419 δὲ
1736 3368 2020 3420 καλοῦντο
2052 3363 2236 3420 Schol.
2264 3365 2307 3418 Α
2332 3370 2449 3419 244.
2476 3363 2658 3418 Schol.

376 3428 536 3483 Pind.
570 3429 736 3484 Nem.
762 3430 887 3497 VII,
921 3437 1002 3487 95.
1039 3435 1102 3488 δὲ
1137 3436 1443 3488 καλοῦνται
1478 3432 1543 3487 G.
1580 3435 1642 3488 δὲ
1677 3437 1980 3489 καλεῦνται
2024 3432 2210 3487 Schol.
2254 3431 2440 3501 Apoll.
2474 3432 2655 3486 Rhod.

378 3496 473 3563 lv,
512 3503 661 3556 1329.
697 3529 764 3538 -
798 3505 901 3555 685
933 3506 1057 3554 τῶν
1092 3501 1236 3567 δ’,Ιι.
1273 3532 1337 3542 -
1375 3506 1473 3558 687
1518 3503 1585 3557 ὅς
1618 3501 1675 3556 τί
1709 3518 1840 3568 ςφιν
1875 3500 1986 3560 CH.
2036 3532 2091 3542 —
2136 3506 2239 3556 690
2284 3504 2561 3569 λυρνηςοῦ
2599 3499 2657 3554 L.

380 3568 666 3632 λυρνιςςοῦ
705 3565 772 3621 G.
816 3596 882 3609 —
926 3573 1025 3622 691
1071 3572 1349 3638 λυρνηςὸν
1384 3563 1443 3626 L.
1499 3573 1788 3638 λυρνιςςὸν
1825 3568 1891 3624 G.
1934 3600 2002 3610 ——
2046 3575 2147 3628 692
2193 3571 2359 3624 καδδὲ
2396 3566 2656 3625 ACGHL.

380 3686 601 3753 μύνητα
646 3686 818 3751 βάλεν
862 3685 930 3744 G.
986 3689 1222 3755 ἔβαλλεν
1266 3688 1336 3747 Η.
1383 3641 1547 3755 ἔβαλε
1586 3687 1645 3743 L.
1694 3721 1758 3729 —
1803 3694 1906 3743 694
1950 3690 2039 3755 ὅγ’
2076 3689 2244 3743 ἔκειτ’
2279 3686 2341 3742 Ε.

508 3893 572 3945 A.
611 3909 659 3943 c.
715 3897 814 3946 681
850 3892 1171 3960 Ζηνόδοτος
1217 3895 1571 3962 μετέγραφεν
1609 3893 1698 3960 ,,οῖ
1741 3895 1792 3948 δ’
1828 3895 2033 3983 Ἀργος
2076 3891 2236 3960 εἶχον
2276 3894 2347 3946 τὸ
2388 3893 2659 3959 Πελαςγι-

380 3959 497 4024 κόν,
531 3960 713 4027 οὖθαρ
746 3961 1026 4028 deponam&
1065 3963 1518 4015 Aristonicus.
1556 3991 1623 4001 —
1667 3967 1767 4017 682
1810 3963 1864 4015 τ’
1924 3963 2100 4017 Αλον;
2146 3962 2296 4015 τινὲς
2339 3962 2401 4015 δὲ
2443 3961 2657 4016 οἴονται

378 4028 700 4083 δαςύνεςθαι
732 4030 843 4095 τὴν
888 4029 1066 4084 Ἄλον
1095 4028 1252 4088 Eust.
1289 4035 1407 4097 320,
1443 4037 1491 4087 4.
1545 4031 1601 4085 οἱ
1644 4031 1706 4083 δὲ
1746 4031 1854 4084 τὸν
1891 4031 2190 4084 Ἀλιοῦντα
2236 4028 2364 4082 ἀντὶ
2412 4029 2656 4098 Ἀλόπης

376 4098 577 4151 τιθὲαςι
616 4099 707 4151 καὶ
743 4098 1056 4164 γράφουςιν
1088 4100 1274 4152 οὕτως
1310 4098 1405 4164 ,,οἵ
1437 4100 1493 4153 θ’
1525 4100 1703 4153 Ἅλον
1737 4098 1794 4151 οἵ
1827 4100 1880 4151 θ’
1915 4098 2194 4152 Ἁλιοθνθ’
2237 4096 2295 4150 οἵ
2326 4113 2392 4150 τε
2429 4098 2660 4165 Τρηχῖν’

378 4164 688 4230 ἑνέμοντο“
725 4163 931 4218 Stmbo
965 4164 1058 4230 IX,
1092 4171 1195 4220 432
1231 4167 1389 4231 extr„
1427 4165 1582 4234 quod
1615 4165 1764 4219 male
1798 4164 2082 4219 intellexit
2103 4163 2258 4221 Euat.
2284 4168 2401 4232 320,
2430 4170 2474 4220 7.
2513 4167 2657 4235 Τρη-

376 4236 499 4298 χῖνα
533 4231 779 4300 νέμοντο
815 4232 1183 4291 Aristarchus,
1220 4263 1282 4272 -
1319 4239 1590 4288 686-694
1623 4234 1949 4301 Ζηνόδοτος
1982 4233 2170 4287 ἀθετεῖ
2203 4232 2657 4288 Aristonicus.

373 4330 438 4340 —-
471 4306 574 4355 690
609 4301 676 4355 ἐκ
711 4300 1035 4368 Λυρνηςςοθ
1070 4300 1450 4358 Aristarchus:
1488 4300 1807 4355 Zenodotus
1840 4302 1903 4354 ἐν
1938 4302 1983 4355 Λ
2130 4307 2256 4369 ςςῷ.
2298 4334 2360 4344 -—
2398 4308 2499 4357 694
2534 4303 2655 4356 Ari-

372 4369 625 4423 starchus
658 4369 1050 4437 ἀνςτήςεςθαιε
1088 4368 1403 4424 Zenodotus
1436 4372 1781 4438 ἀςτήςεςθαι,
1819 4369 1962 4428 conf.
1986 4317 2164 4429 ‘fimf
2203 4377 2319 4426 394.
