3144 5006
3 1733 6 1746 -
3 1687 6 1700 -
3 1621 6 1648 „.
3 1411 6 1550 Lff-
2 920 34 1368 --fflff-ffi,

1363 442 1699 502 ιΛιΑΔος
1745 441 1867 498 xn.
2621 438 2748 505 345

634 600 936 685 ςχήςεςθ’,
980 599 1125 667 ἀλλ’
1169 598 1240 666 ἐν
1285 600 1467 679 νηυςὶ
1508 600 1870 684 μελαίνῃςιν
1914 598 2260 680 πεςὲεςθαι,

636 704 891 787 νήπιοι,
939 701 1008 768 ἐν
1053 703 1125 768 δὲ
1168 702 1397 786 πύλῃςι
1441 702 1540 768 δύ’
1585 700 1820 781 ἀνέρας
1863 698 2058 780 εὗρον
2104 700 2417 782 ἀρίςτους,

635 804 775 871 υἷας
819 803 1224 886 ὑπερθύμου(
1265 804 1612 870 Λαπιθάων
1655 802 2073 886 αἰχμητάων,-

636 908 753 972 τὸν
797 909 912 987 μὲν
956 907 1305 986 Πειριθόου
1348 904 1485 988 υἷα,
1532 906 1846 986 κρατερὸν
1888 905 2330 988 Πολυποίτην,

473 1015 596 1076 130
636 1010 754 1075 τὸν
799 1010 872 1075 δὲ
915 1009 1237 1092 Λεοντῆα,
1284 1011 1684 1091 βροτολοιγῷ
1727 1006 1873 1073 ἷςον
1913 1008 2112 1088 Ἄρηι.

634 1113 727 1178 τὼ
774 1112 890 1192 μὲν
932 1109 1059 1191 ἄρα
1100 1111 1504 1192 προπάροιθε
1546 1111 1817 1177 πυλάων
1861 1109 2182 1193 ὑψηλάων

639 1214 905 1281 ἕςταςαν
950 1214 1042 1279 ὡς
1081 1212 1196 1286 ,ὅτε
1238 1232 1309 1279 τε
1351 1213 1541 1293 δρύες
1586 1211 1838 1292 οὔρεςιν
1883 1210 2292 1295 ὑψικάρηνοι,

639 1315 707 1382 αἵ
749 1316 804 1381 τ’
846 1315 1089 1395 ἄνεμον
1131 1314 1422 1395 μίμνουςι
1462 1316 1565 1381 καὶ
1607 1315 1801 1383 ὑετὸν
1839 1316 2047 1396 ἤματα
2089 1315 2321 1399 πάντα,

640 1418 874 1501 ρίζῃςιν
917 1418 1219 1501 μεγάλῃςι
1261 1418 1633 1498 διηνεκέεςς’
1676 1417 2002 1498 ἀραρυῖαι·
2302 1439 2309 1444 ·

475 1526 594 1584 135
640 1521 729 1586 ὣς
773 1518 900 1600 ἄρα
940 1521 1033 1586 τὼ
1076 1520 1339 1600 χείρεςςι
1381 1520 1764 1586 πεποιθότες
1805 1520 1923 1599 ἠδὲ
1966 1518 2144 1602 βίηφι

639 1622 870 1704 μίμνον
914 1622 1353 1704 ἐπερχόμενον
1396 1622 1597 1701 μέγαν
1639 1624 1857 1701 Ἀςιον
1903 1622 2060 1687 οὐδὲ
2103 1621 2410 1703 φέβοντο.

642 1725 710 1791 οἳ
751 1725 809 1790 δ’
852 1724 984 1791 ἰθὺς
1028 1727 1195 1805 πρὸς
1236 1728 1450 1804 τεῖχος
1495 1725 1810 1805 ἐύδμητον
1856 1725 2010 1805 βόας
2053 1723 2212 1790 αὔας
2314 1788 2323 1797 ,

643 1825 833 1907 ὑψός’
875 1826 1300 1908 ἀναςχόμενοι
1343 1826 1515 1893 ἔκιον
1561 1827 1822 1912 μεγάλῳ
1867 1825 2166 1910 ἀλαλητῷ

640 1929 857 1995 ’Άςιον
904 1927 1069 2010 ἀμφὶ
1108 1928 1353 1995 ἄνακτα
1394 1932 1498 1995 καὶ
1541 1929 1824 2008 Ἰαμενὸν
1867 1931 1969 1995 καὶ
2012 1929 2314 2009 Ὀρέςτην

479 2035 601 2095 140
645 2031 933 2111 Ἀςιάδην
977 2032 1032 2096 τ’
1077 2031 1434 2110 Ἀδάμαντα
1477 2030 1719 2097 Θόωνά
1759 2051 1831 2097 τε
1874 2030 2202 2112 Οἰνόμαόν
2245 2050 2334 2095 τε.

643 2133 710 2198 οἳ
753 2134 812 2199 δ’
852 2133 891 2213 ἦ
935 2154 1037 2199 τοι
1079 2132 1231 2199 εἵως
1273 2135 1387 2213 μὲν
1432 2133 1809 2213 ἐυκνήμιδας
1854 2123 2144 2213 Ἀχαιοὺς

647 2232 891 2315 ὄρνυον
936 2235 1134 2301 ἔνδον
1178 2236 1397 2301 ἐόντες
1442 2233 1784 2317 ἀμύνεςθαι
1827 2236 1974 2315 περὶ
2015 2237 2224 2314 νηῶν·

610 2367 677 2422 V.
712 2388 763 2423 1..
824 2375 922 2424 126
959 2370 1244 2437 μελαίνῃςι
1281 2369 1384 2424 DG
1417 2370 1601 2424 Schol.
1640 2372 1687 2426 Ο
1723 2374 1806 2424 66.
1855 2399 1918 2410 -
1968 2374 2063 2424 128
2096 2368 2247 2425 υἱέας
2285 2367 2351 2423 G.
2403 2400 2463 2409 —
2504 2374 2601 2423 129
2636 2369 2759 2423 υἱέα

477 2436 690 2491 Townl.
735 2466 801 2476 —
848 2444 942 2498 131
988 2439 1229 2493 πυλάων
1263 2437 1569 2493 CDEHLS=
1615 2439 1845 2506 θυράων
1887 2435 2004 2492 AG.
2048 2455 2085 2505 γ
2122 2477 2135 2490 .
2177 2441 2268 2493 καὶ
2311 2438 2551 2493 πυλάων
2587 2438 2654 2492 A.
2691 2466 2761 2477 —

477 2512 575 2561 132
609 2507 845 2585 ἔςταςαν
878 2505 1035 2562 EGL.
1072 2508 1151 2562 ὡς
1186 2509 1284 2562 ὅτε
1320 2509 1485 2574 δρύες
1521 2505 1589 2575 (L
1622 2509 1808 2575 δρῦες)
1845 2508 1907 2562 ἐν
1944 2505 2038 2561 GL
2071 2455 2210 2561 fior.
2245 2524 2310 2562 τε
2347 2506 2529 2562 omitt.
2566 2505 2607 2562 C
2708 2506 2762 2559 st

477 2589 580 2628 raa.
619 2572 767 2643 Llpe.
801 2591 889 2630 τοι
935 2592 1037 2644 pro
1080 2592 1144 2629 τε
1179 2574 1339 2629 Vrat.
1375 2575 1428 2628 b.
1468 2575 1533 2632 A.
1579 2575 1914 2644 ὑψικάρηνοι
1942 2578 2003 2628 A.
2042 2605 2111 2615 —-
2138 2581 2235 2630 133
2258 2575 2447 2642 ἤματα
2472 2572 2591 2632 DG.
2661 2591 2759 2641 μα·

478 2676 663 2731 πάντα
698 2677 764 2735 A.
802 2707 866 2716 —-
907 2683 999 2731 131
1037 2679 1209 2744 ῥίζηςι
1244 2676 1407 2731 DEG.
1446 2648 1754 2747 διηνεκέῖςζ
1780 2677 1843 2730 G.
1881 2677 2161 2745 διηνεκέες
2196 2675 2337 2730 Mor.
2362 2676 2522 2732 Cant.
2557 2706 2624 2718 ——
2662 2682 2760 2731 135

477 2745 557 2799 ὡς
595 2745 659 2799 Α.
693 2746 805 2798 rus:
840 2748 931 2798 τοὶ
966 2743 1028 2798 Ε.
1105 2746 1227 2813 ίηφι
1261 2744 1478 2799 ADHL.
1527 2745 1686 2815 βίῃφι
1722 2744 1880 2800 CEG.
1924 2774 1989 2784 —
2038 2751 2134 2799 136
2168 2746 2301 2799 οὐδὲ
2336 2746 2585 2812 φέβοντο
2620 2743 2760 2799 ACE

475 2817 595 2870 896.
632 2818 664 2866 6
699 2810 781 2866 LS
815 2811 1028 2866 Townl.
1108 2811 1209 2882 ips.
1245 2812 1407 2867 Eton.
1446 2817 1519 2882 (‘?)
1555 2813 1756 2883 fragm.
1792 2812 1947 2867 Mose
2004 2811 2173 2866 Schol
2233 2814 2274 2867 Ν
2314 2819 2428 2867 389.
2471 2844 2534 2853 -
2573 2818 2670 2867 137
2706 2811 2761 2867 οἳ

476 2881 527 2934 δ’
561 2879 628 2934 D.
667 2880 775 2935 οἵδ’
798 2878 1006 2938 CGHL.
1043 2882 1212 2936 εὐθὺς
1235 2879 1399 2939 Rhet.
1428 2880 1522 2937 Gr.
1546 2881 1642 2941 ΙΙΙ,
1664 2888 1780 2946 237,
1808 2886 1853 2938 7.
1891 2883 2172 2948 εὔδμητον
2197 2879 2316 2934 GH.
2350 2909 2419 2920 -—·
2457 2884 2554 2935 138
2579 2880 2761 2934 0101131..

476 2945 529 2999 Η
561 2947 622 3003 in
666 2949 856 3013 tenu,
899 2947 1077 3002 habet
1118 2949 1178 3002 in
1223 2964 1399 3019 marg.
1436 2966 1584 3004 man.
1624 2966 1732 3004 rec.
1770 2950 1916 3015 ὕψος
1952 2947 2012 3003 L.
2062 2978 2118 2986 —
2163 2954 2259 3003 139
2295 2949 2656 3016 ἀμφιάνακτα
2691 2947 2759 3005 D.

477 3019 567 3070 καὶ
644 3018 732 3070 ost
764 3018 981 3071 ἄνακτα
1016 3017 1197 3072 omitt.
1221 3014 1280 3070 L.
1323 3047 1385 3057 —
1427 3023 1522 3072 140
1556 3018 1848 3081 ἀδάμαντα
1875 3014 2160 3071 ACDGHS
2187 3016 2344 3071 Cant.
2369 3016 2758 3075 Mon-Barcae.

479 3082 596 3137 Har
619 3125 632 3139 .
666 3084 867 3153 fragm.
902 3083 1070 3140 Mose.
1106 3083 1262 3139 Vrat.
1297 3084 1351 3139 b.
1385 3085 1530 3145 Flor.
1575 3085 1871 3151 ἀκάμαντα
1906 3082 1966 3138 L.
2013 3114 2073 3125 —-
2127 3091 2218 3138 141
2259 3086 2366 3140 οἵδ’
2403 3083 2565 3139 CGH.
2602 3084 2656 3138 οἳ
2691 3086 2758 3151 δὴ

475 3219 565 3257 τοι
600 3202 659 3260 L.
707 3202 762 3258 οἱ
806 3204 875 3270 δή
921 3220 1011 3258 τοι
1046 3202 1095 3257 D
1140 3201 1297 3260 Harl.
1334 3203 1549 3259 Townl.
1593 3204 1791 3273 fragm.
1838 3202 2007 3257 Mose.
2055 3204 2164 3257 ἕως
2200 3201 2261 3260 Ε.
2289 3170 2420 3259 “fine
2456 3203 2523 3260 H.
2562 3204 2761 3270 εὐκνή-

477 3306 633 3370 μιδας
659 3302 832 3360 DGH.
865 3289 1367 3361 ΕΥΚΝΗΜὲΙΔΑΕ
1393 3305 1646 3361 Αιόὶιεοε.
1681 3287 2016 3371 ἐϋκνήμιδὺς
2040 3306 2074 3360 ά
2111 3285 2417 3361 αιὸὺςΟ.-
2439 3312 2534 3360 143
2554 3306 2762 3373 ὄρνυον

477 3370 663 3426 ADLS
700 3371 883 3427 Schol.
922 3375 981 3429 Μ
1021 3379 1118 3428 127
1155 3375 1448 3430 ΟΡΝΥΟΝ
1475 3374 1758 3428 Αωδτοε.ι
1797 3375 2020 3442 ὠρνυον
2049 3373 2090 3428 C
2141 3373 2245 3429 GH
2278 3373 2507 3429 Βάκ-000.
2547 3373 2760 3428 Townl.

476 3474 678 3599 5233?
704 3474 758 3597 EI?
792 3473 1019 3531 Barnea.
1057 3475 1214 3531 cant.
1254 3474 1412 3531 vrat.
1435 3478 1498 3535 A„
1535 3475 1678 3534 mor.
1716 3476 1996 3532 εοΝτΑς
2019 3476 2272 3532 Ambros.
2307 3452 2509 3532 ιόντᾶἓ
2533 3476 2586 3533 s,
2622 3478 2760 3543 ἀμύ-

612 3664 677 3722 Α.
713 3680 761 3716 0.
823 3668 936 3730 127,
974 3669 1071 3719 128
1106 3664 1207 3719 ἀνὲ
1282 3682 1309 3720 ς
1335 3705 1347 3718 .
1374 3704 1387 3717 .
1416 3705 1428 3717 .
1457 3709 1469 3720 .
1496 3664 1780 3731 ἀρίςτους,
1813 3664 1938 3720 υἷας
1973 3666 2359 3732 ὑπερθύμουςε
2397 3665 2559 3731 ἀνέρε
2587 3704 2761 3721 .....

477 3731 714 3798 ἀρίςτω,
748 3731 836 3786 υἷε
861 3733 1169 3800 ὑπερθύμω
1195 3680 1510 3786 &nodutus
1537 3734 1598 3786 et
1619 3731 1806 3786 Aristo
1846 3731 2036 3790 hanes,
2073 3762 2138 3772 —
2179 3739 2276 3787 130
2308 3733 2458 3787 τινὲς
2495 3733 2762 3796 ἑπάγουςι

478 3804 563 3868 τῷ
587 3800 707 3853 ἴςον
730 3802 897 3868 Ἀρηῑ
933 3800 1098 3866 ,,υίὸν
1120 3801 1466 3867 ὑπερθύμοιο
1491 3801 1754 3866 Κορωνοῠ
1827 3801 2106 3855 αινείδαο“
2144 3801 2233 3866 (=
2258 3801 2298 3854 Β
2325 3803 2446 3867 746)
2481 3798 2662 3852 Schol.
2689 3799 2760 3856 V.

477 3895 543 3905 -·
585 3873 849 3923 131—153
886 3867 1229 3934 *Ηφαιςτίων
1264 3870 1326 3922 δὲ
1359 3870 1565 3934 διπλῆν
1598 3872 1708 3937 τὴν
1741 3871 1973 3936 γραφὴν
1998 3869 2143 3923 εἶναι
2167 3870 2299 3934 ἔφη,
2337 3871 2427 3921 καὶ
2460 3868 2578 3921 δεῖν
2615 3884 2762 3934 περι·

478 3934 717 4002 γράφειν
757 3937 795 4002 ἢ
838 3937 975 3990 τοὺς
1012 3931 1045 3988 ι’
1091 3936 1311 4002 ςτίχους
1347 3937 1662 4004 (131-140)
1697 3938 1834 3991 τοὺς
1869 3937 1985 3991 ἀπὸ
2030 3941 2135 3990 τοῦ
2174 3936 2298 4015 ,η’-ὼ
2346 3936 2448 4001 μὲν
2483 3937 2590 4001 ἀρα
2626 3952 2763 4001 προ-

479 4003 750 4068 πάροιθε“
787 4004 942 4071 μέχρι
975 4008 1080 4058 τοῦ
1107 4004 1405 4073 ,,Ἀςιάδην
1438 4007 1492 4058 τ’
1517 4005 1895 4069 Ἀδάμαντα“,
1929 4006 1966 4070 ἢ
2002 4005 2137 4058 τοὺς
2175 4020 2230 4069 ιγ
2279 4004 2594 4070 (141-153)
2628 4005 2763 4059 τοὺς

479 4070 596 4124 ἀπὸ
629 4074 734 4125 τοῦ
771 4072 864 4139 „ol
897 4073 950 4125 δ’
981 4074 1111 4138 ἤτοι
1145 4071 1278 4127 εἵως
1312 4074 1452 4137 μὲν“
1490 4073 1647 4139 μέχρι
1680 4078 1786 4126 τοῦ
1821 4075 2033 4136 „moin
2077 4073 2430 4138 καθύπερθε“
2466 4070 2761 4139 Porphy-

479 4137 636 4192 rius.
678 4168 742 4179 -
793 4144 889 4193 137
924 4140 1066 4194 αὔας
1099 4138 1341 4197 Ptolem.
1386 4139 1712 4194 Ascalonita
1755 4141 1815 4193 et
1849 4136 2226 4193 Herodianus:
2264 4138 2405 4193 αὐάς
2450 4136 2659 4192 Nicias.
2697 4168 2761 4177 --

483 4210 581 4259 138
614 4206 792 4260 ἔκιονε
833 4207 1023 4275 κιέτην
1058 4205 1461 4277 Aristophanes
1495 4223 1625 4261 cum
1661 4205 1971 4272 Zenodot0‚
2009 4204 2152 4260 conf.
2190 4204 2373 4260 Schol.
2413 4212 2525 4260 127.
2566 4236 2626 4244 -
2667 4212 2763 4260 139

481 4272 732 4337 Ἰαμενὸν
756 4274 1107 4328 Atisim-chus
1129 4278 1325 4337 ψιλῶς.
1377 4275 1616 4329 Ptolem.
1641 4274 1965 4328 Ascalonita
1984 4275 2137 4327 inter
2160 4274 2408 4338 Ἰαμενὸν
2434 4275 2493 4326 et
2516 4275 2765 4338 Ἰαμενὸν

480 4338 724 4395 haesitat
792 4342 936 4400 conf.
982 4341 1071 4399 Et.
1108 4342 1221 4413 ΜΒ.
1262 4349 1386 4408 463,
1424 4349 1486 4397 31
1534 4343 1596 4396 et
1637 4340 2022 4396 Herodianum
2058 4340 2132 4395 ad
2172 4346 2284 4405 193,
2329 4343 2426 4408 qui
2463 4342 2765 4395 assentitur

482 4382 815 4469 Aristarcffm.
855 4438 942 4478 -,
961 4416 1056 4470 142
1080 4412 1267 4472 οὕτως
1290 4412 1620 4481 ἀρίςταρχος
1645 4411 1841 4471 ἐόντες
1866 4411 2010 4472 κατὰ
2033 4412 2144 4483 τὴν
2168 4410 2393 4465 εὐθεῖαν
2416 4408 2760 4482 Didymus,
