<?xml version="1.0" encoding="UTF-8"?>
<!DOCTYPE html PUBLIC "-//W3C//DTD XHTML 1.0 Transitional//EN"
    "http://www.w3.org/TR/xhtml1/DTD/xhtml1-transitional.dtd">
<html xmlns="http://www.w3.org/1999/xhtml" xml:lang="en" lang="en">
 <head>
  <title>
</title>
<meta http-equiv="Content-Type" content="text/html;charset=utf-8" />
  <meta name='ocr-system' content='tesseract 3.04.00' />
  <meta name='ocr-capabilities' content='ocr_page ocr_carea ocr_par ocr_line ocrx_word'/>
</head>
<body>
  <div class='ocr_page' id='page_1' title='image "./iliasadfidemlib00homegoog_0534.png"; bbox 0 0 3144 5006; ppageno 0'>
   <div class='ocr_carea' id='block_1_1' title="bbox 461 356 1854 422">
    <p class='ocr_par' dir='ltr' id='par_1_1' title="bbox 461 356 1854 422">
     <span class='ocr_line' id='line_1_1' title="bbox 461 356 1854 422; baseline -0.006 0"><span class='ocrx_word' id='word_1_1' title='bbox 461 356 585 422; x_wconf 83' lang='lat'>154</span> <span class='ocrx_word' id='word_1_2' title='bbox 1401 359 1737 414; x_wconf 81' lang='grc' dir='ltr'>ΙΛΙΑΔΟ(</span> <span class='ocrx_word' id='word_1_3' title='bbox 1799 361 1854 414; x_wconf 90' lang='grc' dir='ltr'>Ρ.</span> 
     </span>
    </p>
   </div>
   <div class='ocr_carea' id='block_1_2' title="bbox 454 509 2573 3044">
    <p class='ocr_par' dir='ltr' id='par_1_2' title="bbox 623 509 2229 702">
     <span class='ocr_line' id='line_1_2' title="bbox 623 509 2157 594; baseline 0.003 -18"><span class='ocrx_word' id='word_1_4' title='bbox 623 513 742 578; x_wconf 87' lang='grc' dir='ltr'>τὸν</span> <span class='ocrx_word' id='word_1_5' title='bbox 785 514 844 577; x_wconf 90' lang='grc' dir='ltr'>δ’</span> <span class='ocrx_word' id='word_1_6' title='bbox 887 513 1021 579; x_wconf 82' lang='grc' dir='ltr'>υἱὸς</span> <span class='ocrx_word' id='word_1_7' title='bbox 1067 512 1454 594; x_wconf 83' lang='grc' dir='ltr'>Τελαμῶνος</span> <span class='ocrx_word' id='word_1_8' title='bbox 1500 513 1760 579; x_wconf 77' lang='grc' dir='ltr'>ἐπαΐξας</span> <span class='ocrx_word' id='word_1_9' title='bbox 1803 509 1898 580; x_wconf 79' lang='grc' dir='ltr'>δι”</span> <span class='ocrx_word' id='word_1_10' title='bbox 1930 514 2157 594; x_wconf 85' lang='grc' dir='ltr'><strong>ὁμίλου</strong></span> 
     </span>
     <span class='ocr_line' id='line_1_3' title="bbox 627 615 2229 702; baseline 0.004 -26"><span class='ocrx_word' id='word_1_11' title='bbox 627 616 808 693; x_wconf 84' lang='grc' dir='ltr'>πλῆξ’</span> <span class='ocrx_word' id='word_1_12' title='bbox 853 615 1272 696; x_wconf 85' lang='grc' dir='ltr'>αὐτοςχεδίην</span> <span class='ocrx_word' id='word_1_13' title='bbox 1317 618 1545 696; x_wconf 86' lang='grc' dir='ltr'>κυνέης</span> <span class='ocrx_word' id='word_1_14' title='bbox 1591 616 1697 680; x_wconf 87' lang='grc' dir='ltr'>διὰ</span> <span class='ocrx_word' id='word_1_15' title='bbox 1740 619 2229 702; x_wconf 81' lang='grc' dir='ltr'>χαλκοπαρῄου·</span> 
     </span>
    </p>

    <p class='ocr_par' dir='ltr' id='par_1_3' title="bbox 459 715 2573 1207">
     <span class='ocr_line' id='line_1_4' title="bbox 459 715 2297 804; baseline 0.003 -27"><span class='ocrx_word' id='word_1_16' title='bbox 459 719 582 779; x_wconf 86' lang='grc'>295</span> <span class='ocrx_word' id='word_1_17' title='bbox 628 715 800 796; x_wconf 84' lang='grc' dir='ltr'>ἤρικε</span> <span class='ocrx_word' id='word_1_18' title='bbox 844 719 903 782; x_wconf 89' lang='grc' dir='ltr'>δ’</span> <span class='ocrx_word' id='word_1_19' title='bbox 944 718 1325 784; x_wconf 85' lang='grc' dir='ltr'>ἱπποδάςεια</span> <span class='ocrx_word' id='word_1_20' title='bbox 1368 717 1559 796; x_wconf 89' lang='grc' dir='ltr'>κόρυς</span> <span class='ocrx_word' id='word_1_21' title='bbox 1605 718 1751 798; x_wconf 88' lang='grc' dir='ltr'>περὶ</span> <span class='ocrx_word' id='word_1_22' title='bbox 1794 718 2033 798; x_wconf 82' lang='grc' dir='ltr'>δουρὸς</span> <span class='ocrx_word' id='word_1_23' title='bbox 2079 719 2297 804; x_wconf 86' lang='grc' dir='ltr'>ἀκωκῇ</span> 
     </span>
     <span class='ocr_line' id='line_1_5' title="bbox 626 818 2213 905; baseline 0.002 -23"><span class='ocrx_word' id='word_1_24' title='bbox 626 820 913 898; x_wconf 88' lang='grc' dir='ltr'>πληγεῖς’</span> <span class='ocrx_word' id='word_1_25' title='bbox 956 820 1130 901; x_wconf 77' lang='grc' dir='ltr'>ἔγχεΐ</span> <span class='ocrx_word' id='word_1_26' title='bbox 1172 841 1243 886; x_wconf 86' lang='grc' dir='ltr'>τε</span> <span class='ocrx_word' id='word_1_27' title='bbox 1287 818 1547 903; x_wconf 84' lang='grc' dir='ltr'>μεγάλῳ</span> <span class='ocrx_word' id='word_1_28' title='bbox 1593 822 1698 886; x_wconf 85' lang='grc' dir='ltr'>καὶ</span> <span class='ocrx_word' id='word_1_29' title='bbox 1740 822 1905 901; x_wconf 85' lang='grc' dir='ltr'>χειρὶ</span> <span class='ocrx_word' id='word_1_30' title='bbox 1946 822 2213 905; x_wconf 86' lang='grc' dir='ltr'>παχείῃ,</span> 
     </span>
     <span class='ocr_line' id='line_1_6' title="bbox 627 920 2373 1004; baseline 0.003 -19"><span class='ocrx_word' id='word_1_31' title='bbox 627 920 986 1002; x_wconf 89' lang='grc' dir='ltr'>ἐγκέφαλος</span> <span class='ocrx_word' id='word_1_32' title='bbox 1034 924 1104 988; x_wconf 85' lang='grc' dir='ltr'>δὲ</span> <span class='ocrx_word' id='word_1_33' title='bbox 1148 922 1300 1001; x_wconf 90' lang='grc' dir='ltr'>παρ’</span> <span class='ocrx_word' id='word_1_34' title='bbox 1344 920 1550 1004; x_wconf 83' lang='grc' dir='ltr'>αὐλὸν</span> <span class='ocrx_word' id='word_1_35' title='bbox 1597 921 1954 1002; x_wconf 84' lang='grc' dir='ltr'>ἀνέδραμεν</span> <span class='ocrx_word' id='word_1_36' title='bbox 1998 922 2063 988; x_wconf 81' lang='grc' dir='ltr'>ἐξ</span> <span class='ocrx_word' id='word_1_37' title='bbox 2109 922 2373 1003; x_wconf 88' lang='grc' dir='ltr'>ώτειλῆς</span> 
     </span>
     <span class='ocr_line' id='line_1_7' title="bbox 627 1020 2573 1105; baseline 0.002 -19"><span class='ocrx_word' id='word_1_38' title='bbox 627 1020 981 1103; x_wconf 86' lang='grc' dir='ltr'>αἱματόεις·</span> <span class='ocrx_word' id='word_1_39' title='bbox 1027 1027 1145 1088; x_wconf 86' lang='grc' dir='ltr'>τοῦ</span> <span class='ocrx_word' id='word_1_40' title='bbox 1190 1023 1248 1089; x_wconf 91' lang='grc' dir='ltr'>δ’</span> <span class='ocrx_word' id='word_1_41' title='bbox 1292 1023 1437 1088; x_wconf 79' lang='grc' dir='ltr'>αὖθι</span> <span class='ocrx_word' id='word_1_42' title='bbox 1483 1023 1644 1104; x_wconf 86' lang='grc' dir='ltr'>λύθη</span> <span class='ocrx_word' id='word_1_43' title='bbox 1689 1024 1910 1104; x_wconf 85' lang='grc' dir='ltr'>μένος,</span> <span class='ocrx_word' id='word_1_44' title='bbox 1958 1024 2028 1089; x_wconf 83' lang='grc' dir='ltr'>ἐκ</span> <span class='ocrx_word' id='word_1_45' title='bbox 2071 1024 2128 1090; x_wconf 91' lang='grc' dir='ltr'>δ’</span> <span class='ocrx_word' id='word_1_46' title='bbox 2172 1024 2296 1105; x_wconf 87' lang='grc' dir='ltr'>ἄρα</span> <span class='ocrx_word' id='word_1_47' title='bbox 2339 1031 2573 1105; x_wconf 84' lang='grc' dir='ltr'>χειρῶν</span> 
     </span>
     <span class='ocr_line' id='line_1_8' title="bbox 627 1124 2185 1207; baseline 0.003 -18"><span class='ocrx_word' id='word_1_48' title='bbox 627 1124 1040 1204; x_wconf 86' lang='grc' dir='ltr'>Πατρόκλοιο</span> <span class='ocrx_word' id='word_1_49' title='bbox 1086 1126 1260 1192; x_wconf 90' lang='grc' dir='ltr'>πόδα</span> <span class='ocrx_word' id='word_1_50' title='bbox 1302 1126 1744 1207; x_wconf 87' lang='grc' dir='ltr'>μεγαλήτορος</span> <span class='ocrx_word' id='word_1_51' title='bbox 1787 1124 1898 1205; x_wconf 84' lang='grc' dir='ltr'>ἧκε</span> <span class='ocrx_word' id='word_1_52' title='bbox 1946 1129 2185 1206; x_wconf 81' lang='grc' dir='ltr'>χαμᾶζε</span> 
     </span>
    </p>

    <p class='ocr_par' dir='ltr' id='par_1_4' title="bbox 459 1226 2471 1720">
     <span class='ocr_line' id='line_1_9' title="bbox 459 1226 2471 1313; baseline 0.002 -24"><span class='ocrx_word' id='word_1_53' title='bbox 459 1230 590 1289; x_wconf 89' lang='grc'>300</span> <span class='ocrx_word' id='word_1_54' title='bbox 638 1228 902 1292; x_wconf 86' lang='grc' dir='ltr'>κεῑςθαι·</span> <span class='ocrx_word' id='word_1_55' title='bbox 947 1228 985 1293; x_wconf 88' lang='grc' dir='ltr'>ὃ</span> <span class='ocrx_word' id='word_1_56' title='bbox 1032 1227 1090 1293; x_wconf 91' lang='grc' dir='ltr'>δ’</span> <span class='ocrx_word' id='word_1_57' title='bbox 1132 1227 1275 1308; x_wconf 83' lang='grc' dir='ltr'>ἄγχ’</span> <span class='ocrx_word' id='word_1_58' title='bbox 1320 1226 1547 1294; x_wconf 85' lang='grc' dir='ltr'>αὐτοῖο</span> <span class='ocrx_word' id='word_1_59' title='bbox 1594 1228 1745 1294; x_wconf 81' lang='grc' dir='ltr'>πέςε</span> <span class='ocrx_word' id='word_1_60' title='bbox 1791 1229 2037 1309; x_wconf 86' lang='grc' dir='ltr'>πρηνὴς</span> <span class='ocrx_word' id='word_1_61' title='bbox 2082 1229 2185 1294; x_wconf 83' lang='grc' dir='ltr'>ἐπὶ</span> <span class='ocrx_word' id='word_1_62' title='bbox 2230 1234 2471 1313; x_wconf 82' lang='grc' dir='ltr'>νεκρῷ,</span> 
     </span>
     <span class='ocr_line' id='line_1_10' title="bbox 626 1328 2205 1412; baseline 0.002 -21"><span class='ocrx_word' id='word_1_63' title='bbox 626 1328 762 1407; x_wconf 88' lang='grc' dir='ltr'>τῆλ’</span> <span class='ocrx_word' id='word_1_64' title='bbox 805 1328 936 1395; x_wconf 86' lang='grc' dir='ltr'>ἀπὸ</span> <span class='ocrx_word' id='word_1_65' title='bbox 983 1329 1250 1410; x_wconf 86' lang='grc' dir='ltr'>Λαρίςης</span> <span class='ocrx_word' id='word_1_66' title='bbox 1293 1330 1716 1412; x_wconf 82' lang='grc' dir='ltr'>ἐριβώλακος,</span> <span class='ocrx_word' id='word_1_67' title='bbox 1762 1329 1917 1395; x_wconf 79' lang='grc' dir='ltr'>οὐδὲ</span> <span class='ocrx_word' id='word_1_68' title='bbox 1959 1334 2205 1396; x_wconf 87' lang='grc' dir='ltr'>τοκεῡςι</span> 
     </span>
     <span class='ocr_line' id='line_1_11' title="bbox 627 1430 2426 1516; baseline 0.002 -21"><span class='ocrx_word' id='word_1_69' title='bbox 627 1430 909 1510; x_wconf 86' lang='grc' dir='ltr'>θρέπτρα</span> <span class='ocrx_word' id='word_1_70' title='bbox 954 1432 1169 1513; x_wconf 89' lang='grc' dir='ltr'>φίλοις</span> <span class='ocrx_word' id='word_1_71' title='bbox 1214 1433 1543 1516; x_wconf 87' lang='grc' dir='ltr'>ἀπέδωκε,</span> <span class='ocrx_word' id='word_1_72' title='bbox 1588 1432 1998 1512; x_wconf 83' lang='grc' dir='ltr'>μινυνθάδιος</span> <span class='ocrx_word' id='word_1_73' title='bbox 2042 1433 2115 1498; x_wconf 87' lang='grc' dir='ltr'>δέ</span> <span class='ocrx_word' id='word_1_74' title='bbox 2159 1432 2222 1497; x_wconf 85' lang='grc' dir='ltr'>οἱ</span> <span class='ocrx_word' id='word_1_75' title='bbox 2267 1431 2426 1498; x_wconf 83' lang='grc' dir='ltr'>αἰὼν</span> 
     </span>
     <span class='ocr_line' id='line_1_12' title="bbox 629 1531 2278 1617; baseline 0 -21"><span class='ocrx_word' id='word_1_76' title='bbox 629 1531 844 1598; x_wconf 82' lang='grc' dir='ltr'>ἔπλεθ’</span> <span class='ocrx_word' id='word_1_77' title='bbox 888 1531 997 1599; x_wconf 82' lang='grc' dir='ltr'>ὑπ’</span> <span class='ocrx_word' id='word_1_78' title='bbox 1039 1533 1314 1601; x_wconf 83' lang='grc' dir='ltr'>Αἴαντος</span> <span class='ocrx_word' id='word_1_79' title='bbox 1360 1534 1727 1617; x_wconf 82' lang='grc' dir='ltr'>μεγαθύμου</span> <span class='ocrx_word' id='word_1_80' title='bbox 1770 1535 1958 1614; x_wconf 87' lang='grc' dir='ltr'>δουρὶ</span> <span class='ocrx_word' id='word_1_81' title='bbox 2000 1534 2278 1613; x_wconf 88' lang='grc' dir='ltr'>δαμέντι.</span> 
     </span>
     <span class='ocr_line' id='line_1_13' title="bbox 627 1633 2355 1720; baseline 0.001 -23"><span class='ocrx_word' id='word_1_82' title='bbox 627 1633 870 1714; x_wconf 85' lang='grc' dir='ltr'>Ἕκτωρ</span> <span class='ocrx_word' id='word_1_83' title='bbox 916 1634 974 1700; x_wconf 93' lang='grc' dir='ltr'>δ’</span> <span class='ocrx_word' id='word_1_84' title='bbox 1016 1634 1156 1701; x_wconf 83' lang='grc' dir='ltr'>αὖτ’</span> <span class='ocrx_word' id='word_1_85' title='bbox 1199 1635 1474 1702; x_wconf 82' lang='grc' dir='ltr'>Αἴαντος</span> <span class='ocrx_word' id='word_1_86' title='bbox 1518 1636 1810 1702; x_wconf 89' lang='grc' dir='ltr'>ἀκόντιςε</span> <span class='ocrx_word' id='word_1_87' title='bbox 1855 1637 2042 1715; x_wconf 84' lang='grc' dir='ltr'>δουρὶ</span> <span class='ocrx_word' id='word_1_88' title='bbox 2084 1641 2355 1720; x_wconf 78' lang='grc' dir='ltr'>φαεινῷ.</span> 
     </span>
    </p>

    <p class='ocr_par' dir='ltr' id='par_1_5' title="bbox 457 1735 2415 2226">
     <span class='ocr_line' id='line_1_14' title="bbox 457 1735 2301 1818; baseline 0.003 -21"><span class='ocrx_word' id='word_1_89' title='bbox 457 1740 580 1799; x_wconf 87' lang='grc'>305</span> <span class='ocrx_word' id='word_1_90' title='bbox 626 1735 770 1800; x_wconf 88' lang='grc' dir='ltr'>ἀλλ’</span> <span class='ocrx_word' id='word_1_91' title='bbox 813 1735 852 1800; x_wconf 88' lang='grc' dir='ltr'>ὃ</span> <span class='ocrx_word' id='word_1_92' title='bbox 899 1739 1015 1818; x_wconf 78' lang='grc' dir='ltr'>μὲν</span> <span class='ocrx_word' id='word_1_93' title='bbox 1059 1735 1221 1803; x_wconf 87' lang='grc' dir='ltr'>ἄντα</span> <span class='ocrx_word' id='word_1_94' title='bbox 1266 1737 1424 1804; x_wconf 83' lang='grc' dir='ltr'>ἰδὼν</span> <span class='ocrx_word' id='word_1_95' title='bbox 1466 1738 1743 1818; x_wconf 86' lang='grc' dir='ltr'>ἠλεύατο</span> <span class='ocrx_word' id='word_1_96' title='bbox 1788 1738 2064 1817; x_wconf 87' lang='grc' dir='ltr'>χάλκεον</span> <span class='ocrx_word' id='word_1_97' title='bbox 2108 1736 2301 1816; x_wconf 84' lang='grc' dir='ltr'>ἔγχος</span> 
     </span>
     <span class='ocr_line' id='line_1_15' title="bbox 623 1837 2337 1921; baseline 0.002 -19"><span class='ocrx_word' id='word_1_98' title='bbox 623 1837 884 1904; x_wconf 89' lang='grc' dir='ltr'>τυτθόν·</span> <span class='ocrx_word' id='word_1_99' title='bbox 930 1839 968 1903; x_wconf 87' lang='grc' dir='ltr'><strong><em>ὃ</em></strong></span> <span class='ocrx_word' id='word_1_100' title='bbox 1016 1841 1088 1904; x_wconf 81' lang='grc' dir='ltr'>δὲ</span> <span class='ocrx_word' id='word_1_101' title='bbox 1132 1839 1424 1921; x_wconf 77' lang='grc' dir='ltr'>(χεδίον,</span> <span class='ocrx_word' id='word_1_102' title='bbox 1472 1839 1841 1921; x_wconf 90' lang='grc' dir='ltr'>μεγαθύμου</span> <span class='ocrx_word' id='word_1_103' title='bbox 1885 1839 2121 1920; x_wconf 84' lang='grc' dir='ltr'>Ἰφίτου</span> <span class='ocrx_word' id='word_1_104' title='bbox 2165 1838 2337 1917; x_wconf 86' lang='grc' dir='ltr'>υἱόν,</span> 
     </span>
     <span class='ocr_line' id='line_1_16' title="bbox 627 1939 2254 2024; baseline 0.001 -21"><span class='ocrx_word' id='word_1_105' title='bbox 627 1939 919 2019; x_wconf 90' lang='grc' dir='ltr'>Φωκήων</span> <span class='ocrx_word' id='word_1_106' title='bbox 964 1940 1066 2022; x_wconf 89' lang='grc' dir='ltr'>ὄχ’</span> <span class='ocrx_word' id='word_1_107' title='bbox 1109 1941 1396 2022; x_wconf 85' lang='grc' dir='ltr'>ἄριςτον,</span> <span class='ocrx_word' id='word_1_108' title='bbox 1444 1942 1517 2006; x_wconf 88' lang='grc' dir='ltr'>ὃς</span> <span class='ocrx_word' id='word_1_109' title='bbox 1563 1942 1636 2008; x_wconf 87' lang='grc' dir='ltr'>ἐν</span> <span class='ocrx_word' id='word_1_110' title='bbox 1676 1945 1905 2024; x_wconf 82' lang='grc' dir='ltr'>κλειτῷ</span> <span class='ocrx_word' id='word_1_111' title='bbox 1950 1942 2254 2020; x_wconf 88' lang='grc' dir='ltr'>Πανοπῆι</span> 
     </span>
     <span class='ocr_line' id='line_1_17' title="bbox 631 2040 2253 2124; baseline 0.004 -20"><span class='ocrx_word' id='word_1_112' title='bbox 631 2040 796 2107; x_wconf 83' lang='grc' dir='ltr'>οἰκία</span> <span class='ocrx_word' id='word_1_113' title='bbox 839 2044 1211 2110; x_wconf 88' lang='grc' dir='ltr'>ναιετάαςκε</span> <span class='ocrx_word' id='word_1_114' title='bbox 1255 2042 1510 2110; x_wconf 89' lang='grc' dir='ltr'>πολέςς’</span> <span class='ocrx_word' id='word_1_115' title='bbox 1552 2042 1885 2124; x_wconf 88' lang='grc' dir='ltr'>ἄνδρεςςιν</span> <span class='ocrx_word' id='word_1_116' title='bbox 1929 2043 2253 2120; x_wconf 82' lang='grc' dir='ltr'>ἀνάςςων,</span> 
     </span>
     <span class='ocr_line' id='line_1_18' title="bbox 622 2142 2415 2226; baseline 0.001 -19"><span class='ocrx_word' id='word_1_117' title='bbox 622 2142 739 2208; x_wconf 88' lang='grc' dir='ltr'>τὸν</span> <span class='ocrx_word' id='word_1_118' title='bbox 785 2144 925 2224; x_wconf 82' lang='grc' dir='ltr'>βάλ’</span> <span class='ocrx_word' id='word_1_119' title='bbox 968 2144 1097 2210; x_wconf 90' lang='grc' dir='ltr'>ύπὸ</span> <span class='ocrx_word' id='word_1_120' title='bbox 1142 2147 1368 2225; x_wconf 85' lang='grc' dir='ltr'>κληῖδα</span> <span class='ocrx_word' id='word_1_121' title='bbox 1410 2146 1636 2226; x_wconf 91' lang='grc' dir='ltr'>μέςην·</span> <span class='ocrx_word' id='word_1_122' title='bbox 1685 2147 1789 2211; x_wconf 87' lang='grc' dir='ltr'>διὰ</span> <span class='ocrx_word' id='word_1_123' title='bbox 1832 2145 1889 2210; x_wconf 90' lang='grc' dir='ltr'>δ’</span> <span class='ocrx_word' id='word_1_124' title='bbox 1934 2145 2214 2226; x_wconf 83' lang='grc' dir='ltr'>ἀμπερὲς</span> <span class='ocrx_word' id='word_1_125' title='bbox 2259 2144 2415 2223; x_wconf 86' lang='grc' dir='ltr'>ἄκρη</span> 
     </span>
    </p>

    <p class='ocr_par' dir='ltr' id='par_1_6' title="bbox 461 2243 2427 2743">
     <span class='ocr_line' id='line_1_19' title="bbox 461 2243 2167 2327; baseline 0.002 -21"><span class='ocrx_word' id='word_1_126' title='bbox 461 2249 588 2307; x_wconf 91' lang='grc'>310</span> <span class='ocrx_word' id='word_1_127' title='bbox 631 2243 820 2326; x_wconf 84' lang='grc' dir='ltr'>αἰχμὴ</span> <span class='ocrx_word' id='word_1_128' title='bbox 868 2247 1125 2327; x_wconf 88' lang='grc' dir='ltr'>χαλκείη</span> <span class='ocrx_word' id='word_1_129' title='bbox 1170 2248 1346 2327; x_wconf 89' lang='grc' dir='ltr'>παρὰ</span> <span class='ocrx_word' id='word_1_130' title='bbox 1390 2249 1650 2314; x_wconf 89' lang='grc' dir='ltr'>νείατον</span> <span class='ocrx_word' id='word_1_131' title='bbox 1697 2245 1877 2327; x_wconf 84' lang='grc' dir='ltr'>ώμον</span> <span class='ocrx_word' id='word_1_132' title='bbox 1921 2247 2167 2327; x_wconf 86' lang='grc' dir='ltr'>ἀνέςχε.</span> 
     </span>
     <span class='ocr_line' id='line_1_20' title="bbox 629 2347 2427 2430; baseline -0.001 -18"><span class='ocrx_word' id='word_1_133' title='bbox 629 2348 950 2428; x_wconf 88' lang='grc' dir='ltr'>δούπηςεν</span> <span class='ocrx_word' id='word_1_134' title='bbox 996 2349 1068 2414; x_wconf 80' lang='grc' dir='ltr'>δὲ</span> <span class='ocrx_word' id='word_1_135' title='bbox 1112 2349 1356 2427; x_wconf 85' lang='grc' dir='ltr'>πεςών,</span> <span class='ocrx_word' id='word_1_136' title='bbox 1405 2349 1681 2430; x_wconf 88' lang='grc' dir='ltr'>ἀράβηςε</span> <span class='ocrx_word' id='word_1_137' title='bbox 1726 2351 1798 2415; x_wconf 82' lang='grc' dir='ltr'>δὲ</span> <span class='ocrx_word' id='word_1_138' title='bbox 1841 2348 2048 2428; x_wconf 92' lang='grc' dir='ltr'>τεύχε’</span> <span class='ocrx_word' id='word_1_139' title='bbox 2091 2350 2193 2414; x_wconf 83' lang='grc' dir='ltr'>ἐπ’</span> <span class='ocrx_word' id='word_1_140' title='bbox 2235 2347 2427 2430; x_wconf 81' lang='grc' dir='ltr'>αὐτῷ.</span> 
     </span>
     <span class='ocr_line' id='line_1_21' title="bbox 623 2446 2347 2534; baseline 0.002 -21"><span class='ocrx_word' id='word_1_141' title='bbox 623 2446 776 2515; x_wconf 87' lang='grc' dir='ltr'>Αἴας</span> <span class='ocrx_word' id='word_1_142' title='bbox 820 2451 879 2516; x_wconf 87' lang='grc' dir='ltr'>δ’</span> <span class='ocrx_word' id='word_1_143' title='bbox 921 2449 1003 2517; x_wconf 88' lang='grc' dir='ltr'>αὖ</span> <span class='ocrx_word' id='word_1_144' title='bbox 1047 2452 1378 2533; x_wconf 84' lang='grc' dir='ltr'>Φόρκυνα,</span> <span class='ocrx_word' id='word_1_145' title='bbox 1423 2453 1753 2534; x_wconf 85' lang='grc' dir='ltr'>δαῖφρονα</span> <span class='ocrx_word' id='word_1_146' title='bbox 1795 2451 2126 2519; x_wconf 88' lang='grc' dir='ltr'>Φαίνοπος</span> <span class='ocrx_word' id='word_1_147' title='bbox 2171 2449 2347 2533; x_wconf 83' lang='grc' dir='ltr'>υἱόν,</span> 
     </span>
     <span class='ocr_line' id='line_1_22' title="bbox 623 2553 2326 2637; baseline 0.001 -20"><span class='ocrx_word' id='word_1_148' title='bbox 623 2553 940 2637; x_wconf 85' lang='grc' dir='ltr'>Ἱπποθόῳ</span> <span class='ocrx_word' id='word_1_149' title='bbox 986 2554 1332 2636; x_wconf 88' lang='grc' dir='ltr'>περιβάντα</span> <span class='ocrx_word' id='word_1_150' title='bbox 1376 2555 1568 2637; x_wconf 86' lang='grc' dir='ltr'>μέςην</span> <span class='ocrx_word' id='word_1_151' title='bbox 1615 2556 1773 2622; x_wconf 88' lang='grc' dir='ltr'>κατὰ</span> <span class='ocrx_word' id='word_1_152' title='bbox 1816 2555 2088 2633; x_wconf 90' lang='grc' dir='ltr'>γαςτέρα</span> <span class='ocrx_word' id='word_1_153' title='bbox 2129 2553 2326 2633; x_wconf 86' lang='grc' dir='ltr'>τύψε·</span> 
     </span>
     <span class='ocr_line' id='line_1_23' title="bbox 632 2654 2361 2743; baseline -0.001 -23"><span class='ocrx_word' id='word_1_154' title='bbox 632 2654 780 2735; x_wconf 80' lang='grc' dir='ltr'>ῥῆξε</span> <span class='ocrx_word' id='word_1_155' title='bbox 827 2656 898 2721; x_wconf 79' lang='grc' dir='ltr'>δὲ</span> <span class='ocrx_word' id='word_1_156' title='bbox 941 2658 1232 2737; x_wconf 82' lang='grc' dir='ltr'>θώρηκος</span> <span class='ocrx_word' id='word_1_157' title='bbox 1275 2656 1555 2743; x_wconf 87' lang='grc' dir='ltr'>γύαλον,</span> <span class='ocrx_word' id='word_1_158' title='bbox 1602 2659 1707 2722; x_wconf 88' lang='grc' dir='ltr'>διὰ</span> <span class='ocrx_word' id='word_1_159' title='bbox 1752 2657 1809 2722; x_wconf 84' lang='grc' dir='ltr'>δ’</span> <span class='ocrx_word' id='word_1_160' title='bbox 1854 2656 2080 2735; x_wconf 85' lang='grc' dir='ltr'>ἔντερα</span> <span class='ocrx_word' id='word_1_161' title='bbox 2123 2654 2361 2736; x_wconf 88' lang='grc' dir='ltr'>χαλκὸς</span> 
     </span>
    </p>

    <p class='ocr_par' dir='ltr' id='par_1_7' title="bbox 454 2756 2489 3044">
     <span class='ocr_line' id='line_1_24' title="bbox 454 2756 2401 2845; baseline 0.002 -28"><span class='ocrx_word' id='word_1_162' title='bbox 454 2760 577 2819; x_wconf 87' lang='grc'>315</span> <span class='ocrx_word' id='word_1_163' title='bbox 623 2756 844 2837; x_wconf 85' lang='grc' dir='ltr'>ἤφυς’·</span> <span class='ocrx_word' id='word_1_164' title='bbox 893 2759 931 2823; x_wconf 87' lang='grc' dir='ltr'>ὃ</span> <span class='ocrx_word' id='word_1_165' title='bbox 979 2759 1035 2823; x_wconf 90' lang='grc' dir='ltr'>δ’</span> <span class='ocrx_word' id='word_1_166' title='bbox 1077 2759 1149 2824; x_wconf 81' lang='grc' dir='ltr'>ἐν</span> <span class='ocrx_word' id='word_1_167' title='bbox 1196 2761 1438 2845; x_wconf 88' lang='grc' dir='ltr'>κονίῃςι</span> <span class='ocrx_word' id='word_1_168' title='bbox 1482 2761 1697 2825; x_wconf 84' lang='grc' dir='ltr'>πεςὼν</span> <span class='ocrx_word' id='word_1_169' title='bbox 1744 2758 1848 2823; x_wconf 82' lang='grc' dir='ltr'>ἕλε</span> <span class='ocrx_word' id='word_1_170' title='bbox 1893 2760 2085 2835; x_wconf 85' lang='grc' dir='ltr'>γαῖαν</span> <span class='ocrx_word' id='word_1_171' title='bbox 2130 2757 2401 2838; x_wconf 82' lang='grc' dir='ltr'>άγοςτῷ.</span> 
     </span>
     <span class='ocr_line' id='line_1_25' title="bbox 628 2858 2489 2941; baseline -0.001 -18"><span class='ocrx_word' id='word_1_172' title='bbox 628 2859 923 2939; x_wconf 89' lang='grc' dir='ltr'>χώρηςαν</span> <span class='ocrx_word' id='word_1_173' title='bbox 968 2860 1026 2924; x_wconf 88' lang='grc' dir='ltr'>δ’</span> <span class='ocrx_word' id='word_1_174' title='bbox 1070 2860 1200 2926; x_wconf 84' lang='grc' dir='ltr'>ὑπό</span> <span class='ocrx_word' id='word_1_175' title='bbox 1244 2881 1313 2926; x_wconf 90' lang='grc' dir='ltr'>τε</span> <span class='ocrx_word' id='word_1_176' title='bbox 1358 2860 1681 2941; x_wconf 91' lang='grc' dir='ltr'>πρόμαχοι</span> <span class='ocrx_word' id='word_1_177' title='bbox 1725 2861 1824 2925; x_wconf 90' lang='grc' dir='ltr'>καὶ</span> <span class='ocrx_word' id='word_1_178' title='bbox 1869 2860 2169 2941; x_wconf 89' lang='grc' dir='ltr'>φαίδιμος</span> <span class='ocrx_word' id='word_1_179' title='bbox 2214 2858 2489 2938; x_wconf 86' lang='grc' dir='ltr'>Ἕκτωρ·</span> 
     </span>
     <span class='ocr_line' id='line_1_26' title="bbox 630 2959 2312 3044; baseline 0.001 -20"><span class='ocrx_word' id='word_1_180' title='bbox 630 2959 905 3040; x_wconf 86' lang='grc' dir='ltr'>Ἀργεῖοι</span> <span class='ocrx_word' id='word_1_181' title='bbox 949 2963 1021 3027; x_wconf 86' lang='grc' dir='ltr'>δὲ</span> <span class='ocrx_word' id='word_1_182' title='bbox 1064 2964 1227 3044; x_wconf 87' lang='grc' dir='ltr'>μέγα</span> <span class='ocrx_word' id='word_1_183' title='bbox 1268 2961 1495 3043; x_wconf 85' lang='grc' dir='ltr'>ἴαχον,</span> <span class='ocrx_word' id='word_1_184' title='bbox 1542 2963 1852 3043; x_wconf 82' lang='grc' dir='ltr'>ἑρύςαντο</span> <span class='ocrx_word' id='word_1_185' title='bbox 1898 2962 1969 3027; x_wconf 82' lang='grc' dir='ltr'>δὲ</span> <span class='ocrx_word' id='word_1_186' title='bbox 2014 2960 2312 3043; x_wconf 87' lang='grc' dir='ltr'>νεκρούς,</span> 
     </span>
    </p>
   </div>
   <div class='ocr_carea' id='block_1_3' title="bbox 458 3092 711 3099">
    <p class='ocr_par' dir='ltr' id='par_1_8' title="bbox 458 3092 711 3099">
     <span class='ocr_line' id='line_1_27' title="bbox 458 3092 711 3099; baseline 0 1907"><span class='ocrx_word' id='word_1_187' title='bbox 458 3092 711 3099; x_wconf 95' lang='lat' dir='ltr'> </span> 
     </span>
    </p>
   </div>
   <div class='ocr_carea' id='block_1_4' title="bbox 714 3092 861 3101">
    <p class='ocr_par' dir='ltr' id='par_1_9' title="bbox 714 3092 861 3101">
     <span class='ocr_line' id='line_1_28' title="bbox 714 3092 861 3101; baseline 0.014 -2"><span class='ocrx_word' id='word_1_188' title='bbox 714 3092 861 3101; x_wconf 64' lang='grc'>--...-.-</span> 
     </span>
    </p>
   </div>
   <div class='ocr_carea' id='block_1_5' title="bbox 454 3151 2748 3629">
    <p class='ocr_par' dir='ltr' id='par_1_10' title="bbox 454 3151 2748 3629">
     <span class='ocr_line' id='line_1_29' title="bbox 591 3151 2748 3276; baseline -0.001 -68"><span class='ocrx_word' id='word_1_189' title='bbox 591 3154 660 3210; x_wconf 87' lang='lat' dir='ltr'>V.</span> <span class='ocrx_word' id='word_1_190' title='bbox 696 3174 744 3210; x_wconf 79' lang='lat' dir='ltr'>L.</span> <span class='ocrx_word' id='word_1_191' title='bbox 817 3161 918 3210; x_wconf 80' lang='grc'><strong>293</strong></span> <span class='ocrx_word' id='word_1_192' title='bbox 953 3156 1190 3211; x_wconf 71' lang='grc' dir='ltr'>ἀπαΐξας</span> <span class='ocrx_word' id='word_1_193' title='bbox 1224 3155 1284 3209; x_wconf 90' lang='lat' dir='ltr'>L.</span> <span class='ocrx_word' id='word_1_194' title='bbox 1322 3187 1386 3196; x_wconf 90' lang='lat'><strong>—</strong></span> <span class='ocrx_word' id='word_1_195' title='bbox 1421 3162 1524 3211; x_wconf 81' lang='lat'>294</span> <span class='ocrx_word' id='word_1_196' title='bbox 1558 3159 1960 3276; x_wconf 59' lang='grc' dir='ltr'>χαλκοπαρῄὸυ</span> <span class='ocrx_word' id='word_1_197' title='bbox 1997 3153 2213 3208; x_wconf 82' lang='lat' dir='ltr'><strong>AEHL:</strong></span> <span class='ocrx_word' id='word_1_198' title='bbox 2262 3151 2435 3208; x_wconf 81' lang='lat' dir='ltr'>ceteri</span> <span class='ocrx_word' id='word_1_199' title='bbox 2471 3152 2590 3230; x_wconf 55' lang='lat' dir='ltr'>sinc}</span> <span class='ocrx_word' id='word_1_200' title='bbox 2626 3153 2748 3206; x_wconf 73' lang='lat' dir='ltr'><strong>iota.</strong></span> 
     </span>
     <span class='ocr_line' id='line_1_30' title="bbox 455 3218 2746 3292; baseline -0.001 -16"><span class='ocrx_word' id='word_1_201' title='bbox 455 3222 761 3292; x_wconf 58' lang='lat' dir='ltr'>adscripta</span> <span class='ocrx_word' id='word_1_202' title='bbox 804 3253 867 3264; x_wconf 92' lang='lat'>—</span> <span class='ocrx_word' id='word_1_203' title='bbox 916 3228 1016 3277; x_wconf 75' lang='lat'>295</span> <span class='ocrx_word' id='word_1_204' title='bbox 1059 3226 1235 3291; x_wconf 81' lang='grc' dir='ltr'>ἦρϋκε</span> <span class='ocrx_word' id='word_1_205' title='bbox 1280 3223 1321 3279; x_wconf 89' lang='lat' dir='ltr'>C</span> <span class='ocrx_word' id='word_1_206' title='bbox 1367 3242 1436 3279; x_wconf 83' lang='lat' dir='ltr'>ex</span> <span class='ocrx_word' id='word_1_207' title='bbox 1471 3240 1611 3279; x_wconf 82' lang='lat' dir='ltr'><strong>corr.</strong></span> <span class='ocrx_word' id='word_1_208' title='bbox 1666 3226 1693 3278; x_wconf 89' lang='grc' dir='ltr'>ἔ</span> <span class='ocrx_word' id='word_1_209' title='bbox 1732 3241 1843 3280; x_wconf 87' lang='grc' dir='ltr'>εικε</span> <span class='ocrx_word' id='word_1_210' title='bbox 1966 3240 2035 3277; x_wconf 82' lang='lat' dir='ltr'>ex</span> <span class='ocrx_word' id='word_1_211' title='bbox 2071 3238 2216 3277; x_wconf 86' lang='lat' dir='ltr'><strong>corr.</strong></span> <span class='ocrx_word' id='word_1_212' title='bbox 2273 3222 2443 3289; x_wconf 91' lang='grc' dir='ltr'>κόρυς</span> <span class='ocrx_word' id='word_1_213' title='bbox 2478 3222 2661 3274; x_wconf 73' lang='lat' dir='ltr'><strong>omxtt.</strong></span> <span class='ocrx_word' id='word_1_214' title='bbox 2703 3218 2746 3273; x_wconf 87' lang='lat' dir='ltr'>L</span> 
     </span>
     <span class='ocr_line' id='line_1_31' title="bbox 454 3286 2744 3362; baseline -0.001 -20"><span class='ocrx_word' id='word_1_215' title='bbox 454 3288 602 3360; x_wconf 82' lang='lat' dir='ltr'><strong>Lips.</strong></span> <span class='ocrx_word' id='word_1_216' title='bbox 638 3321 704 3329; x_wconf 94' lang='lat'><strong>—</strong></span> <span class='ocrx_word' id='word_1_217' title='bbox 748 3296 848 3345; x_wconf 83' lang='lat'>299</span> <span class='ocrx_word' id='word_1_218' title='bbox 885 3295 1090 3358; x_wconf 78' lang='grc' dir='ltr'>χαμᾶζε</span> <span class='ocrx_word' id='word_1_219' title='bbox 1127 3291 1248 3345; x_wconf 85' lang='lat' dir='ltr'>DE:</span> <span class='ocrx_word' id='word_1_220' title='bbox 1287 3294 1493 3359; x_wconf 84' lang='grc' dir='ltr'>χαμάζε</span> <span class='ocrx_word' id='word_1_221' title='bbox 1540 3290 1684 3346; x_wconf 86' lang='lat' dir='ltr'><strong>ACG</strong></span> <span class='ocrx_word' id='word_1_222' title='bbox 1740 3290 1799 3351; x_wconf 91' lang='lat' dir='ltr'>L.</span> <span class='ocrx_word' id='word_1_223' title='bbox 1847 3321 1916 3330; x_wconf 94' lang='lat'>—-</span> <span class='ocrx_word' id='word_1_224' title='bbox 1960 3298 2061 3346; x_wconf 92' lang='grc'>300</span> <span class='ocrx_word' id='word_1_225' title='bbox 2096 3292 2128 3345; x_wconf 90' lang='grc' dir='ltr'>ὃ</span> <span class='ocrx_word' id='word_1_226' title='bbox 2165 3291 2217 3344; x_wconf 86' lang='grc' dir='ltr'>δ’</span> <span class='ocrx_word' id='word_1_227' title='bbox 2250 3288 2370 3362; x_wconf 73' lang='lat' dir='ltr'><strong>AD.</strong></span> <span class='ocrx_word' id='word_1_228' title='bbox 2416 3290 2501 3343; x_wconf 85' lang='grc' dir='ltr'>ὅδ’</span> <span class='ocrx_word' id='word_1_229' title='bbox 2533 3286 2744 3342; x_wconf 85' lang='lat' dir='ltr'><strong>CDHL.</strong></span> 
     </span>
     <span class='ocr_line' id='line_1_32' title="bbox 454 3355 2746 3427; baseline -0.002 -16"><span class='ocrx_word' id='word_1_230' title='bbox 454 3359 606 3424; x_wconf 78' lang='grc' dir='ltr'>ἅγχί</span> <span class='ocrx_word' id='word_1_231' title='bbox 655 3358 746 3424; x_wconf 83' lang='grc' dir='ltr'>ἅχ’</span> <span class='ocrx_word' id='word_1_232' title='bbox 780 3356 845 3412; x_wconf 87' lang='lat' dir='ltr'>G.</span> <span class='ocrx_word' id='word_1_233' title='bbox 896 3389 957 3396; x_wconf 90' lang='lat'>-—</span> <span class='ocrx_word' id='word_1_234' title='bbox 1004 3365 1100 3413; x_wconf 90' lang='grc'>301</span> <span class='ocrx_word' id='word_1_235' title='bbox 1139 3363 1209 3414; x_wconf 88' lang='grc' dir='ltr'>λα</span> <span class='ocrx_word' id='word_1_236' title='bbox 1250 3360 1326 3416; x_wconf 92' lang='grc' dir='ltr'>ίςς</span> <span class='ocrx_word' id='word_1_237' title='bbox 1369 3378 1395 3415; x_wconf 91' lang='grc' dir='ltr'>ς</span> <span class='ocrx_word' id='word_1_238' title='bbox 1439 3358 1758 3414; x_wconf 84' lang='lat' dir='ltr'><strong>ACEGHL:</strong></span> <span class='ocrx_word' id='word_1_239' title='bbox 1807 3359 2031 3427; x_wconf 85' lang='grc' dir='ltr'>λαρίςης</span> <span class='ocrx_word' id='word_1_240' title='bbox 2077 3357 2125 3411; x_wconf 94' lang='lat' dir='ltr'>D</span> <span class='ocrx_word' id='word_1_241' title='bbox 2171 3357 2373 3412; x_wconf 80' lang='lat' dir='ltr'><strong>Strabo</strong></span> <span class='ocrx_word' id='word_1_242' title='bbox 2419 3355 2576 3419; x_wconf 84' lang='lat' dir='ltr'>XIII,</span> <span class='ocrx_word' id='word_1_243' title='bbox 2625 3360 2746 3421; x_wconf 76' lang='lat'>620,</span> 
     </span>
     <span class='ocr_line' id='line_1_33' title="bbox 457 3423 2745 3495; baseline -0.001 -17"><span class='ocrx_word' id='word_1_244' title='bbox 457 3424 603 3483; x_wconf 85' lang='lat' dir='ltr'><strong>conf.</strong></span> <span class='ocrx_word' id='word_1_245' title='bbox 642 3426 681 3480; x_wconf 91' lang='grc' dir='ltr'>Β</span> <span class='ocrx_word' id='word_1_246' title='bbox 718 3431 834 3484; x_wconf 84' lang='grc'><strong>841.</strong></span> <span class='ocrx_word' id='word_1_247' title='bbox 871 3431 1094 3481; x_wconf 86' lang='grc' dir='ltr'>τοκεῠςι</span> <span class='ocrx_word' id='word_1_248' title='bbox 1129 3431 1176 3482; x_wconf 90' lang='lat' dir='ltr'>A</span> <span class='ocrx_word' id='word_1_249' title='bbox 1225 3427 1325 3481; x_wconf 87' lang='lat' dir='ltr'>DG</span> <span class='ocrx_word' id='word_1_250' title='bbox 1387 3427 1444 3483; x_wconf 88' lang='lat' dir='ltr'>L.</span> <span class='ocrx_word' id='word_1_251' title='bbox 1489 3458 1553 3467; x_wconf 91' lang='lat'>—-</span> <span class='ocrx_word' id='word_1_252' title='bbox 1602 3434 1700 3482; x_wconf 82' lang='grc'>302</span> <span class='ocrx_word' id='word_1_253' title='bbox 1737 3429 1988 3495; x_wconf 81' lang='grc' dir='ltr'>θρέπτρα</span> <span class='ocrx_word' id='word_1_254' title='bbox 2031 3425 2280 3481; x_wconf 84' lang='lat' dir='ltr'><strong>ACDEH</strong></span> <span class='ocrx_word' id='word_1_255' title='bbox 2327 3424 2486 3480; x_wconf 77' lang='lat' dir='ltr'><strong>Cant.</strong></span> <span class='ocrx_word' id='word_1_256' title='bbox 2529 3423 2745 3476; x_wconf 80' lang='lat' dir='ltr'><strong>Townl.</strong></span> 
     </span>
     <span class='ocr_line' id='line_1_34' title="bbox 454 3491 2747 3565; baseline -0 -20"><span class='ocrx_word' id='word_1_257' title='bbox 454 3491 646 3563; x_wconf 80' lang='lat' dir='ltr'><strong>Frgm.</strong></span> <span class='ocrx_word' id='word_1_258' title='bbox 682 3492 880 3548; x_wconf 63' lang='lat' dir='ltr'>Mosa:</span> <span class='ocrx_word' id='word_1_259' title='bbox 918 3498 951 3548; x_wconf 92' lang='grc' dir='ltr'>θ</span> <span class='ocrx_word' id='word_1_260' title='bbox 989 3497 1134 3549; x_wconf 77' lang='grc' dir='ltr'>ἑπτα</span> <span class='ocrx_word' id='word_1_261' title='bbox 1181 3494 1313 3550; x_wconf 88' lang='lat' dir='ltr'>GLS</span> <span class='ocrx_word' id='word_1_262' title='bbox 1349 3495 1496 3565; x_wconf 77' lang='lat' dir='ltr'><strong>Lips.</strong></span> <span class='ocrx_word' id='word_1_263' title='bbox 1531 3495 1692 3553; x_wconf 78' lang='lat' dir='ltr'><strong>Vrat.</strong></span> <span class='ocrx_word' id='word_1_264' title='bbox 1727 3497 1793 3549; x_wconf 90' lang='lat' dir='ltr'>A.</span> <span class='ocrx_word' id='word_1_265' title='bbox 1830 3495 1977 3550; x_wconf 87' lang='lat' dir='ltr'><strong>Flor.</strong></span> <span class='ocrx_word' id='word_1_266' title='bbox 2013 3495 2160 3552; x_wconf 83' lang='lat' dir='ltr'><strong>conf.</strong></span> <span class='ocrx_word' id='word_1_267' title='bbox 2198 3497 2249 3551; x_wconf 93' lang='grc' dir='ltr'><strong>Δ</strong></span> <span class='ocrx_word' id='word_1_268' title='bbox 2285 3498 2400 3547; x_wconf 77' lang='grc'><strong>478.</strong></span> <span class='ocrx_word' id='word_1_269' title='bbox 2449 3524 2511 3533; x_wconf 91' lang='grc'>-</span> <span class='ocrx_word' id='word_1_270' title='bbox 2559 3497 2659 3545; x_wconf 83' lang='grc'>304</span> <span class='ocrx_word' id='word_1_271' title='bbox 2694 3492 2747 3544; x_wconf 82' lang='grc' dir='ltr'>δ’</span> 
     </span>
     <span class='ocr_line' id='line_1_35' title="bbox 460 3511 2744 3629; baseline -0.001 -15"><span class='ocrx_word' id='word_1_272' title='bbox 460 3561 532 3615; x_wconf 84' lang='grc' dir='ltr'>αὖ</span> <span class='ocrx_word' id='word_1_273' title='bbox 569 3559 625 3614; x_wconf 89' lang='lat' dir='ltr'>C.</span> <span class='ocrx_word' id='word_1_274' title='bbox 664 3554 709 3615; x_wconf 83' lang='grc' dir='ltr'>δ’</span> <span class='ocrx_word' id='word_1_275' title='bbox 749 3562 875 3615; x_wconf 83' lang='grc' dir='ltr'>ἄντ’</span> <span class='ocrx_word' id='word_1_276' title='bbox 908 3511 1068 3616; x_wconf 48' lang='grc' dir='ltr'>νεώ.</span> <span class='ocrx_word' id='word_1_277' title='bbox 1107 3565 1174 3619; x_wconf 88' lang='lat' dir='ltr'>A.</span> <span class='ocrx_word' id='word_1_278' title='bbox 1217 3593 1282 3602; x_wconf 91' lang='lat'><em>-</em></span> <span class='ocrx_word' id='word_1_279' title='bbox 1319 3570 1419 3619; x_wconf 76' lang='lat'>305</span> <span class='ocrx_word' id='word_1_280' title='bbox 1455 3565 1486 3619; x_wconf 90' lang='grc' dir='ltr'>δ</span> <span class='ocrx_word' id='word_1_281' title='bbox 1525 3565 1627 3629; x_wconf 79' lang='grc' dir='ltr'>μὲν</span> <span class='ocrx_word' id='word_1_282' title='bbox 1662 3562 1721 3623; x_wconf 85' lang='lat' dir='ltr'>C.</span> <span class='ocrx_word' id='word_1_283' title='bbox 1760 3592 1818 3602; x_wconf 93' lang='lat'>—</span> <span class='ocrx_word' id='word_1_284' title='bbox 1861 3568 1960 3620; x_wconf 90' lang='grc'>306</span> <span class='ocrx_word' id='word_1_285' title='bbox 1996 3564 2029 3618; x_wconf 87' lang='grc' dir='ltr'>ὃ</span> <span class='ocrx_word' id='word_1_286' title='bbox 2067 3565 2128 3618; x_wconf 80' lang='grc' dir='ltr'>δὲ</span> <span class='ocrx_word' id='word_1_287' title='bbox 2165 3562 2222 3616; x_wconf 91' lang='lat' dir='ltr'>C.</span> <span class='ocrx_word' id='word_1_288' title='bbox 2258 3562 2475 3626; x_wconf 84' lang='grc' dir='ltr'>ςχέδιον</span> <span class='ocrx_word' id='word_1_289' title='bbox 2508 3557 2616 3612; x_wconf 90' lang='lat' dir='ltr'><strong>AL.</strong></span> <span class='ocrx_word' id='word_1_290' title='bbox 2653 3575 2744 3625; x_wconf 86' lang='grc' dir='ltr'>με·</span> 
     </span>
    </p>
   </div>
   <div class='ocr_carea' id='block_1_6' title="bbox 455 3636 2744 3717">
    <p class='ocr_par' dir='ltr' id='par_1_11' title="bbox 455 3636 2744 3717">
     <span class='ocr_line' id='line_1_36' title="bbox 455 3636 2744 3717; baseline -0.002 -16"><span class='ocrx_word' id='word_1_291' title='bbox 455 3647 710 3713; x_wconf 86' lang='grc' dir='ltr'>γάθυμον</span> <span class='ocrx_word' id='word_1_292' title='bbox 745 3647 794 3702; x_wconf 82' lang='lat' dir='ltr'>G</span> <span class='ocrx_word' id='word_1_293' title='bbox 830 3647 972 3703; x_wconf 83' lang='lat' dir='ltr'><strong>Flor.</strong></span> <span class='ocrx_word' id='word_1_294' title='bbox 1012 3648 1204 3717; x_wconf 85' lang='grc' dir='ltr'>ἰφίτου</span> <span class='ocrx_word' id='word_1_295' title='bbox 1241 3651 1565 3717; x_wconf 86' lang='grc' dir='ltr'>μεγαθύμου</span> <span class='ocrx_word' id='word_1_296' title='bbox 1601 3636 1797 3705; x_wconf 71' lang='grc' dir='ltr'>τυδέὸς</span> <span class='ocrx_word' id='word_1_297' title='bbox 1833 3650 1958 3705; x_wconf 84' lang='grc' dir='ltr'>υἱόν</span> <span class='ocrx_word' id='word_1_298' title='bbox 1994 3648 2042 3702; x_wconf 94' lang='lat' dir='ltr'>D</span> <span class='ocrx_word' id='word_1_299' title='bbox 2083 3649 2236 3716; x_wconf 85' lang='grc' dir='ltr'>(υίόν</span> <span class='ocrx_word' id='word_1_300' title='bbox 2271 3645 2398 3700; x_wconf 80' lang='lat' dir='ltr'><strong>add.</strong></span> <span class='ocrx_word' id='word_1_301' title='bbox 2425 3660 2571 3702; x_wconf 79' lang='lat' dir='ltr'><strong>man.</strong></span> <span class='ocrx_word' id='word_1_302' title='bbox 2596 3645 2744 3711; x_wconf 63' lang='grc' dir='ltr'>τοο).</span> 
     </span>
    </p>
   </div>
   <div class='ocr_carea' id='block_1_7' title="bbox 455 3723 2746 4077">
    <p class='ocr_par' dir='ltr' id='par_1_12' title="bbox 455 3723 2746 4077">
     <span class='ocr_line' id='line_1_37' title="bbox 458 3723 2745 3803; baseline -0.003 -15"><span class='ocrx_word' id='word_1_303' title='bbox 458 3763 519 3773; x_wconf 92' lang='grc'>--</span> <span class='ocrx_word' id='word_1_304' title='bbox 558 3739 657 3788; x_wconf 90' lang='grc'>307</span> <span class='ocrx_word' id='word_1_305' title='bbox 694 3737 888 3803; x_wconf 84' lang='grc' dir='ltr'>κλητῷ</span> <span class='ocrx_word' id='word_1_306' title='bbox 930 3734 1088 3792; x_wconf 78' lang='lat' dir='ltr'><strong>Vrat.</strong></span> <span class='ocrx_word' id='word_1_307' title='bbox 1129 3737 1192 3789; x_wconf 87' lang='grc' dir='ltr'>Α.</span> <span class='ocrx_word' id='word_1_308' title='bbox 1228 3765 1297 3775; x_wconf 90' lang='lat'>—-</span> <span class='ocrx_word' id='word_1_309' title='bbox 1339 3739 1440 3789; x_wconf 88' lang='grc'><strong>308</strong></span> <span class='ocrx_word' id='word_1_310' title='bbox 1476 3723 1742 3791; x_wconf 71' lang='grc' dir='ltr'>πολλέςς”</span> <span class='ocrx_word' id='word_1_311' title='bbox 1769 3724 1832 3791; x_wconf 74' lang='grc'>’0.</span> <span class='ocrx_word' id='word_1_312' title='bbox 1879 3736 2110 3790; x_wconf 89' lang='grc' dir='ltr'>πόλεςιν</span> <span class='ocrx_word' id='word_1_313' title='bbox 2145 3733 2212 3787; x_wconf 89' lang='lat' dir='ltr'>D.</span> <span class='ocrx_word' id='word_1_314' title='bbox 2257 3732 2548 3799; x_wconf 80' lang='grc' dir='ltr'>ἀνδράςςιν</span> <span class='ocrx_word' id='word_1_315' title='bbox 2581 3729 2745 3782; x_wconf 87' lang='lat' dir='ltr'><strong>Rom.</strong></span> 
     </span>
     <span class='ocr_line' id='line_1_38' title="bbox 457 3798 2745 3870; baseline -0.001 -15"><span class='ocrx_word' id='word_1_316' title='bbox 457 3801 561 3855; x_wconf 79' lang='grc' dir='ltr'>ᾶνδ</span> <span class='ocrx_word' id='word_1_317' title='bbox 599 3818 744 3857; x_wconf 90' lang='grc' dir='ltr'>εςςιν</span> <span class='ocrx_word' id='word_1_318' title='bbox 777 3801 911 3856; x_wconf 87' lang='lat' dir='ltr'>libri</span> <span class='ocrx_word' id='word_1_319' title='bbox 947 3802 1073 3856; x_wconf 82' lang='lat' dir='ltr'><strong>mei.</strong></span> <span class='ocrx_word' id='word_1_320' title='bbox 1114 3831 1171 3841; x_wconf 86' lang='lat'>—-</span> <span class='ocrx_word' id='word_1_321' title='bbox 1214 3808 1314 3858; x_wconf 89' lang='grc'><strong>309</strong></span> <span class='ocrx_word' id='word_1_322' title='bbox 1350 3805 1440 3856; x_wconf 92' lang='grc' dir='ltr'>δια</span> <span class='ocrx_word' id='word_1_323' title='bbox 1473 3801 1684 3856; x_wconf 84' lang='lat' dir='ltr'><strong>ACHL.</strong></span> <span class='ocrx_word' id='word_1_324' title='bbox 1719 3835 1784 3844; x_wconf 94' lang='lat'><strong>—</strong></span> <span class='ocrx_word' id='word_1_325' title='bbox 1821 3809 1923 3857; x_wconf 88' lang='grc'>310</span> <span class='ocrx_word' id='word_1_326' title='bbox 1957 3802 2128 3870; x_wconf 84' lang='grc' dir='ltr'>αίχμῆ</span> <span class='ocrx_word' id='word_1_327' title='bbox 2164 3800 2355 3869; x_wconf 88' lang='grc' dir='ltr'>χαλκεί</span> <span class='ocrx_word' id='word_1_328' title='bbox 2431 3798 2499 3856; x_wconf 90' lang='grc' dir='ltr'>Η.</span> <span class='ocrx_word' id='word_1_329' title='bbox 2546 3798 2745 3864; x_wconf 84' lang='grc' dir='ltr'>ἀνέςχε</span> 
     </span>
     <span class='ocr_line' id='line_1_39' title="bbox 456 3817 2744 3948; baseline -0.002 -24"><span class='ocrx_word' id='word_1_330' title='bbox 456 3868 497 3924; x_wconf 92' lang='lat' dir='ltr'>C</span> <span class='ocrx_word' id='word_1_331' title='bbox 609 3909 623 3924; x_wconf 90' lang='lat'><strong>.</strong></span> <span class='ocrx_word' id='word_1_332' title='bbox 659 3898 725 3909; x_wconf 93' lang='lat'>—-</span> <span class='ocrx_word' id='word_1_333' title='bbox 760 3876 862 3925; x_wconf 88' lang='grc'>313</span> <span class='ocrx_word' id='word_1_334' title='bbox 898 3886 1040 3924; x_wconf 86' lang='grc' dir='ltr'>κατα</span> <span class='ocrx_word' id='word_1_335' title='bbox 1076 3869 1194 3927; x_wconf 80' lang='lat' dir='ltr'>DG.</span> <span class='ocrx_word' id='word_1_336' title='bbox 1233 3872 1378 3936; x_wconf 86' lang='grc' dir='ltr'>τύψε</span> <span class='ocrx_word' id='word_1_337' title='bbox 1415 3868 1580 3929; x_wconf 85' lang='lat' dir='ltr'><strong>CGH.</strong></span> <span class='ocrx_word' id='word_1_338' title='bbox 1623 3900 1683 3909; x_wconf 92' lang='lat'>-</span> <span class='ocrx_word' id='word_1_339' title='bbox 1729 3878 1830 3926; x_wconf 74' lang='lat'>314</span> <span class='ocrx_word' id='word_1_340' title='bbox 1865 3872 1927 3926; x_wconf 90' lang='grc' dir='ltr'>δέ</span> <span class='ocrx_word' id='word_1_341' title='bbox 1962 3871 2015 3925; x_wconf 80' lang='grc' dir='ltr'>οἱ</span> <span class='ocrx_word' id='word_1_342' title='bbox 2050 3872 2311 3948; x_wconf 67' lang='grc' dir='ltr'>θώρηκος</span> <span class='ocrx_word' id='word_1_343' title='bbox 2347 3817 2527 3924; x_wconf 44' lang='grc'><strong>174.-</strong></span> <span class='ocrx_word' id='word_1_344' title='bbox 2573 3871 2675 3920; x_wconf 73' lang='grc'>315</span> <span class='ocrx_word' id='word_1_345' title='bbox 2702 3867 2744 3945; x_wconf 47' lang='grc' dir='ltr'>,ὃ</span> 
     </span>
     <span class='ocr_line' id='line_1_40' title="bbox 455 3934 2746 4006; baseline -0.002 -15"><span class='ocrx_word' id='word_1_346' title='bbox 455 3940 507 3991; x_wconf 85' lang='grc' dir='ltr'>δ’</span> <span class='ocrx_word' id='word_1_347' title='bbox 528 3936 648 3992; x_wconf 88' lang='lat' dir='ltr'><strong>AD.</strong></span> <span class='ocrx_word' id='word_1_348' title='bbox 689 3939 775 3991; x_wconf 84' lang='grc' dir='ltr'>ὅδ’</span> <span class='ocrx_word' id='word_1_349' title='bbox 799 3934 1006 3993; x_wconf 86' lang='lat' dir='ltr'><strong>CGHL.</strong></span> <span class='ocrx_word' id='word_1_350' title='bbox 1034 3969 1097 3978; x_wconf 89' lang='lat'>—</span> <span class='ocrx_word' id='word_1_351' title='bbox 1136 3945 1233 3994; x_wconf 81' lang='lat'>317</span> <span class='ocrx_word' id='word_1_352' title='bbox 1272 3940 1437 4004; x_wconf 80' lang='grc' dir='ltr'>μέγαι</span> <span class='ocrx_word' id='word_1_353' title='bbox 1474 3940 1599 4006; x_wconf 84' lang='grc' dir='ltr'>μέγ’</span> <span class='ocrx_word' id='word_1_354' title='bbox 1621 3937 1961 3993; x_wconf 86' lang='lat' dir='ltr'><strong>ACDGHLS</strong></span> <span class='ocrx_word' id='word_1_355' title='bbox 1997 3939 2057 3993; x_wconf 78' lang='lat' dir='ltr'>et</span> <span class='ocrx_word' id='word_1_356' title='bbox 2079 3937 2285 4005; x_wconf 77' lang='lat' dir='ltr'><strong>Heynu</strong></span> <span class='ocrx_word' id='word_1_357' title='bbox 2319 3935 2462 3988; x_wconf 83' lang='lat' dir='ltr'><strong>hbn.</strong></span> <span class='ocrx_word' id='word_1_358' title='bbox 2503 3938 2746 3987; x_wconf 71' lang='lat' dir='ltr'>cot-rent,</span> 
     </span>
     <span class='ocr_line' id='line_1_41' title="bbox 456 4000 2617 4077; baseline -0.001 -21"><span class='ocrx_word' id='word_1_359' title='bbox 456 4003 780 4072; x_wconf 76' lang='lat' dir='ltr'><strong>Barnesius,</strong></span> <span class='ocrx_word' id='word_1_360' title='bbox 819 4006 962 4066; x_wconf 80' lang='lat' dir='ltr'><strong>conf.</strong></span> <span class='ocrx_word' id='word_1_361' title='bbox 998 4010 1049 4064; x_wconf 93' lang='grc' dir='ltr'><strong>Δ</strong></span> <span class='ocrx_word' id='word_1_362' title='bbox 1085 4013 1201 4062; x_wconf 81' lang='grc'><strong>506.</strong></span> <span class='ocrx_word' id='word_1_363' title='bbox 1239 4008 1478 4075; x_wconf 76' lang='grc' dir='ltr'>ἐρύοντο</span> <span class='ocrx_word' id='word_1_364' title='bbox 1516 4006 1582 4058; x_wconf 90' lang='grc' dir='ltr'>Η.</span> <span class='ocrx_word' id='word_1_365' title='bbox 1620 4006 1875 4077; x_wconf 85' lang='grc' dir='ltr'>εἰρύςατο</span> <span class='ocrx_word' id='word_1_366' title='bbox 1912 4000 1980 4061; x_wconf 87' lang='lat' dir='ltr'>G.</span> <span class='ocrx_word' id='word_1_367' title='bbox 2014 4006 2322 4073; x_wconf 81' lang='grc' dir='ltr'>ὲρρύςαντο</span> <span class='ocrx_word' id='word_1_368' title='bbox 2358 4000 2515 4056; x_wconf 76' lang='lat' dir='ltr'><strong>Vrat.</strong></span> <span class='ocrx_word' id='word_1_369' title='bbox 2552 4002 2617 4055; x_wconf 88' lang='lat' dir='ltr'>A.</span> 
     </span>
    </p>
   </div>
   <div class='ocr_carea' id='block_1_8' title="bbox 457 4120 863 4129">
    <p class='ocr_par' dir='ltr' id='par_1_13' title="bbox 457 4120 863 4129">
     <span class='ocr_line' id='line_1_42' title="bbox 457 4120 863 4129; baseline 0 877"><span class='ocrx_word' id='word_1_370' title='bbox 457 4120 863 4129; x_wconf 95' lang='lat' dir='ltr'> </span> 
     </span>
    </p>
   </div>
   <div class='ocr_carea' id='block_1_9' title="bbox 458 4180 2743 4389">
    <p class='ocr_par' dir='ltr' id='par_1_14' title="bbox 458 4180 2743 4389">
     <span class='ocr_line' id='line_1_43' title="bbox 593 4180 2743 4253; baseline 0.002 -19"><span class='ocrx_word' id='word_1_371' title='bbox 593 4182 659 4235; x_wconf 86' lang='lat' dir='ltr'><strong>A.</strong></span> <span class='ocrx_word' id='word_1_372' title='bbox 697 4199 745 4238; x_wconf 86' lang='lat' dir='ltr'>o.</span> <span class='ocrx_word' id='word_1_373' title='bbox 818 4191 918 4240; x_wconf 78' lang='lat'>302</span> <span class='ocrx_word' id='word_1_374' title='bbox 971 4186 1251 4253; x_wconf 73' lang='grc' dir='ltr'>θρέπτραε</span> <span class='ocrx_word' id='word_1_375' title='bbox 1307 4186 1526 4253; x_wconf 87' lang='grc' dir='ltr'>θρεπτὰ</span> <span class='ocrx_word' id='word_1_376' title='bbox 1577 4184 1922 4251; x_wconf 72' lang='grc' dir='ltr'>Ζοηοᾶοῐιιε,</span> <span class='ocrx_word' id='word_1_377' title='bbox 1976 4183 2122 4237; x_wconf 83' lang='lat' dir='ltr'><strong>conf.</strong></span> <span class='ocrx_word' id='word_1_378' title='bbox 2178 4180 2365 4239; x_wconf 80' lang='lat' dir='ltr'><strong>Schol.</strong></span> <span class='ocrx_word' id='word_1_379' title='bbox 2419 4183 2471 4237; x_wconf 91' lang='grc' dir='ltr'>Δ</span> <span class='ocrx_word' id='word_1_380' title='bbox 2516 4186 2630 4238; x_wconf 85' lang='grc'><strong>478.</strong></span> <span class='ocrx_word' id='word_1_381' title='bbox 2678 4210 2743 4220; x_wconf 94' lang='grc'><strong>-</strong></span> 
     </span>
     <span class='ocr_line' id='line_1_44' title="bbox 458 4249 2743 4321; baseline 0.001 -20"><span class='ocrx_word' id='word_1_382' title='bbox 458 4254 556 4302; x_wconf 86' lang='grc'>307</span> <span class='ocrx_word' id='word_1_383' title='bbox 593 4249 893 4319; x_wconf 72' lang='grc' dir='ltr'>Φωκήωνι</span> <span class='ocrx_word' id='word_1_384' title='bbox 931 4255 1103 4320; x_wconf 85' lang='grc' dir='ltr'>φηςίν</span> <span class='ocrx_word' id='word_1_385' title='bbox 1129 4253 1344 4309; x_wconf 88' lang='grc' dir='ltr'>Ἀπίων</span> <span class='ocrx_word' id='word_1_386' title='bbox 1380 4256 1471 4307; x_wconf 84' lang='grc' dir='ltr'>καὶ</span> <span class='ocrx_word' id='word_1_387' title='bbox 1497 4253 1815 4321; x_wconf 87' lang='grc' dir='ltr'>Ἡρόδωρος</span> <span class='ocrx_word' id='word_1_388' title='bbox 1851 4254 1943 4307; x_wconf 84' lang='grc' dir='ltr'>καὶ</span> <span class='ocrx_word' id='word_1_389' title='bbox 1967 4253 2055 4306; x_wconf 82' lang='grc' dir='ltr'>διὰ</span> <span class='ocrx_word' id='word_1_390' title='bbox 2089 4253 2139 4305; x_wconf 91' lang='grc' dir='ltr'>δι</span> <span class='ocrx_word' id='word_1_391' title='bbox 2225 4251 2399 4314; x_wconf 87' lang='grc' dir='ltr'>όγγου</span> <span class='ocrx_word' id='word_1_392' title='bbox 2423 4252 2534 4315; x_wconf 85' lang='grc' dir='ltr'>τὴν</span> <span class='ocrx_word' id='word_1_393' title='bbox 2568 4264 2743 4315; x_wconf 87' lang='grc' dir='ltr'>παρα-</span> 
     </span>
     <span class='ocr_line' id='line_1_45' title="bbox 459 4315 2413 4389; baseline 0.004 -22"><span class='ocrx_word' id='word_1_394' title='bbox 459 4315 740 4383; x_wconf 81' lang='grc' dir='ltr'>λήγουςαγ</span> <span class='ocrx_word' id='word_1_395' title='bbox 774 4326 878 4375; x_wconf 82' lang='grc' dir='ltr'>τοῦ</span> <span class='ocrx_word' id='word_1_396' title='bbox 918 4321 1181 4388; x_wconf 87' lang='grc' dir='ltr'>Φωκήων</span> <span class='ocrx_word' id='word_1_397' title='bbox 1220 4321 1548 4389; x_wconf 82' lang='grc' dir='ltr'>γράφεςθαι,</span> <span class='ocrx_word' id='word_1_398' title='bbox 1587 4320 1731 4381; x_wconf 83' lang='lat' dir='ltr'><strong>conf,</strong></span> <span class='ocrx_word' id='word_1_399' title='bbox 1769 4318 2072 4388; x_wconf 82' lang='lat' dir='ltr'><strong>Didymum</strong></span> <span class='ocrx_word' id='word_1_400' title='bbox 2220 4319 2260 4373; x_wconf 89' lang='grc' dir='ltr'><strong>Β</strong></span> <span class='ocrx_word' id='word_1_401' title='bbox 2296 4322 2413 4375; x_wconf 80' lang='grc'><strong>617.</strong></span> 
     </span>
    </p>
   </div>
  </div>
 </body>
</html>
