<?xml version="1.0" encoding="UTF-8"?>
<!DOCTYPE html PUBLIC "-//W3C//DTD XHTML 1.0 Transitional//EN"
    "http://www.w3.org/TR/xhtml1/DTD/xhtml1-transitional.dtd">
<html xmlns="http://www.w3.org/1999/xhtml" xml:lang="en" lang="en">
 <head>
  <title>
</title>
<meta http-equiv="Content-Type" content="text/html;charset=utf-8" />
  <meta name='ocr-system' content='tesseract 3.04.00' />
  <meta name='ocr-capabilities' content='ocr_page ocr_carea ocr_par ocr_line ocrx_word'/>
</head>
<body>
  <div class='ocr_page' id='page_1' title='image "./iliasadfidemlib00homegoog_0559.png"; bbox 0 0 3144 5006; ppageno 0'>
   <div class='ocr_carea' id='block_1_1' title="bbox 1292 423 2706 497">
    <p class='ocr_par' dir='ltr' id='par_1_1' title="bbox 1292 423 2706 497">
     <span class='ocr_line' id='line_1_1' title="bbox 1292 423 2706 497; baseline 0.006 -9"><span class='ocrx_word' id='word_1_1' title='bbox 1292 434 1625 489; x_wconf 76' lang='grc' dir='ltr'>ΙΛΙΑΔΟΕ</span> <span class='ocrx_word' id='word_1_2' title='bbox 1664 423 1883 487; x_wconf 70' lang='lat' dir='ltr'><strong>XVIII.</strong></span> <span class='ocrx_word' id='word_1_3' title='bbox 2583 434 2706 497; x_wconf 79' lang='grc'>179</span> 
     </span>
    </p>
   </div>
   <div class='ocr_carea' id='block_1_2' title="bbox 421 587 2702 2815">
    <p class='ocr_par' dir='ltr' id='par_1_2' title="bbox 421 587 2702 2815">
     <span class='ocr_line' id='line_1_2' title="bbox 588 587 2394 672; baseline -0.001 -20"><span class='ocrx_word' id='word_1_4' title='bbox 588 590 781 666; x_wconf 89' lang='grc' dir='ltr'>μῆτερ</span> <span class='ocrx_word' id='word_1_5' title='bbox 827 587 974 672; x_wconf 84' lang='grc' dir='ltr'>ἐμή,</span> <span class='ocrx_word' id='word_1_6' title='bbox 1016 589 1094 652; x_wconf 89' lang='grc' dir='ltr'>τὰ</span> <span class='ocrx_word' id='word_1_7' title='bbox 1138 588 1252 667; x_wconf 80' lang='grc' dir='ltr'>μὲν</span> <span class='ocrx_word' id='word_1_8' title='bbox 1298 587 1378 666; x_wconf 86' lang='grc' dir='ltr'>ἄρ</span> <span class='ocrx_word' id='word_1_9' title='bbox 1423 609 1529 666; x_wconf 93' lang='grc' dir='ltr'>μοι</span> <span class='ocrx_word' id='word_1_10' title='bbox 1574 589 1926 668; x_wconf 72' lang='grc' dir='ltr'>Ὀλύμπιος</span> <span class='ocrx_word' id='word_1_11' title='bbox 1972 587 2394 653; x_wconf 84' lang='grc' dir='ltr'>ἐξετέλεςςεν·</span> 
     </span>
     <span class='ocr_line' id='line_1_3' title="bbox 462 688 2373 774; baseline 0.001 -22"><span class='ocrx_word' id='word_1_12' title='bbox 462 694 546 752; x_wconf 89' lang='grc'>80</span> <span class='ocrx_word' id='word_1_13' title='bbox 590 689 756 754; x_wconf 88' lang='grc' dir='ltr'>ἀλλὰ</span> <span class='ocrx_word' id='word_1_14' title='bbox 800 690 859 754; x_wconf 92' lang='grc' dir='ltr'>τί</span> <span class='ocrx_word' id='word_1_15' title='bbox 901 712 1006 769; x_wconf 93' lang='grc' dir='ltr'>μοι</span> <span class='ocrx_word' id='word_1_16' title='bbox 1050 696 1183 757; x_wconf 85' lang='grc' dir='ltr'>τῶν</span> <span class='ocrx_word' id='word_1_17' title='bbox 1229 689 1416 774; x_wconf 84' lang='grc' dir='ltr'>ἦδος,</span> <span class='ocrx_word' id='word_1_18' title='bbox 1463 690 1602 755; x_wconf 81' lang='grc' dir='ltr'>ἐπεὶ</span> <span class='ocrx_word' id='word_1_19' title='bbox 1646 691 1840 771; x_wconf 91' lang='grc' dir='ltr'>φίλος</span> <span class='ocrx_word' id='word_1_20' title='bbox 1888 690 2077 755; x_wconf 82' lang='grc' dir='ltr'>ὤλεθ’</span> <span class='ocrx_word' id='word_1_21' title='bbox 2121 688 2373 767; x_wconf 87' lang='grc' dir='ltr'>ἑταῖρος</span> 
     </span>
     <span class='ocr_line' id='line_1_4' title="bbox 589 790 2386 877; baseline -0.001 -20"><span class='ocrx_word' id='word_1_22' title='bbox 589 793 1009 877; x_wconf 86' lang='grc' dir='ltr'>Πάτροκλος,</span> <span class='ocrx_word' id='word_1_23' title='bbox 1053 794 1170 858; x_wconf 87' lang='grc' dir='ltr'>τὸν</span> <span class='ocrx_word' id='word_1_24' title='bbox 1216 792 1345 868; x_wconf 81' lang='grc' dir='ltr'>ἐγὼ</span> <span class='ocrx_word' id='word_1_25' title='bbox 1391 793 1536 872; x_wconf 85' lang='grc' dir='ltr'>περὶ</span> <span class='ocrx_word' id='word_1_26' title='bbox 1581 792 1848 858; x_wconf 89' lang='grc' dir='ltr'>πάντων</span> <span class='ocrx_word' id='word_1_27' title='bbox 1893 790 2386 869; x_wconf 83' lang='grc' dir='ltr'>τῖον’ἑταίρων,</span> 
     </span>
     <span class='ocr_line' id='line_1_5' title="bbox 588 892 2421 980; baseline -0.001 -23"><span class='ocrx_word' id='word_1_28' title='bbox 588 892 733 960; x_wconf 84' lang='grc' dir='ltr'>ἶςον</span> <span class='ocrx_word' id='word_1_29' title='bbox 778 896 894 980; x_wconf 86' lang='grc' dir='ltr'>ἐμῇ</span> <span class='ocrx_word' id='word_1_30' title='bbox 940 897 1219 977; x_wconf 85' lang='grc' dir='ltr'>κεφαλῇ·</span> <span class='ocrx_word' id='word_1_31' title='bbox 1265 894 1381 958; x_wconf 87' lang='grc' dir='ltr'>τὸν</span> <span class='ocrx_word' id='word_1_32' title='bbox 1427 893 1760 977; x_wconf 88' lang='grc' dir='ltr'>ἀπώλεςα,</span> <span class='ocrx_word' id='word_1_33' title='bbox 1805 894 2034 972; x_wconf 89' lang='grc' dir='ltr'>τεύχεα</span> <span class='ocrx_word' id='word_1_34' title='bbox 2078 894 2135 958; x_wconf 83' lang='grc' dir='ltr'>δ’</span> <span class='ocrx_word' id='word_1_35' title='bbox 2178 894 2421 972; x_wconf 84' lang='grc' dir='ltr'>Ἕκτωρ</span> 
     </span>
     <span class='ocr_line' id='line_1_6' title="bbox 589 996 2083 1080; baseline -0.001 -21"><span class='ocrx_word' id='word_1_36' title='bbox 589 997 838 1080; x_wconf 88' lang='grc' dir='ltr'>δῃώςας</span> <span class='ocrx_word' id='word_1_37' title='bbox 883 997 1158 1062; x_wconf 86' lang='grc' dir='ltr'>ἀπέδυςε</span> <span class='ocrx_word' id='word_1_38' title='bbox 1203 998 1521 1079; x_wconf 80' lang='grc' dir='ltr'>πελώρια,</span> <span class='ocrx_word' id='word_1_39' title='bbox 1568 1000 1777 1074; x_wconf 85' lang='grc' dir='ltr'>θαῦμα</span> <span class='ocrx_word' id='word_1_40' title='bbox 1820 996 2083 1077; x_wconf 85' lang='grc' dir='ltr'>ἰδέςθαι,</span> 
     </span>
     <span class='ocr_line' id='line_1_7' title="bbox 588 1098 2218 1179; baseline -0.002 -16"><span class='ocrx_word' id='word_1_41' title='bbox 588 1098 779 1163; x_wconf 88' lang='grc' dir='ltr'>καλά·</span> <span class='ocrx_word' id='word_1_42' title='bbox 823 1101 903 1165; x_wconf 87' lang='grc' dir='ltr'>τὰ</span> <span class='ocrx_word' id='word_1_43' title='bbox 947 1101 1061 1179; x_wconf 83' lang='grc' dir='ltr'>μὲν</span> <span class='ocrx_word' id='word_1_44' title='bbox 1104 1100 1314 1177; x_wconf 87' lang='grc' dir='ltr'>Πηλῆι</span> <span class='ocrx_word' id='word_1_45' title='bbox 1358 1099 1498 1164; x_wconf 82' lang='grc' dir='ltr'>θεοὶ</span> <span class='ocrx_word' id='word_1_46' title='bbox 1542 1098 1738 1164; x_wconf 91' lang='grc' dir='ltr'>δόςαν</span> <span class='ocrx_word' id='word_1_47' title='bbox 1784 1098 1995 1173; x_wconf 81' lang='grc' dir='ltr'>ἀγλαὰ</span> <span class='ocrx_word' id='word_1_48' title='bbox 2040 1101 2218 1176; x_wconf 84' lang='grc' dir='ltr'>δῶρα</span> 
     </span>
     <span class='ocr_line' id='line_1_8' title="bbox 461 1198 2328 1286; baseline -0.002 -23"><span class='ocrx_word' id='word_1_49' title='bbox 461 1206 542 1263; x_wconf 86' lang='grc'>85</span> <span class='ocrx_word' id='word_1_50' title='bbox 587 1200 773 1279; x_wconf 87' lang='grc' dir='ltr'>ἤματι</span> <span class='ocrx_word' id='word_1_51' title='bbox 816 1209 942 1286; x_wconf 80' lang='grc' dir='ltr'>τῷ,</span> <span class='ocrx_word' id='word_1_52' title='bbox 990 1200 1100 1266; x_wconf 86' lang='grc' dir='ltr'>ὅτε</span> <span class='ocrx_word' id='word_1_53' title='bbox 1148 1222 1211 1266; x_wconf 80' lang='lat' dir='ltr'>ce</span> <span class='ocrx_word' id='word_1_54' title='bbox 1260 1205 1497 1281; x_wconf 87' lang='grc' dir='ltr'>βροτοῦ</span> <span class='ocrx_word' id='word_1_55' title='bbox 1543 1200 1778 1280; x_wconf 89' lang='grc' dir='ltr'>ἀνέρος</span> <span class='ocrx_word' id='word_1_56' title='bbox 1825 1200 2107 1279; x_wconf 83' lang='grc' dir='ltr'>ἔμβαλον</span> <span class='ocrx_word' id='word_1_57' title='bbox 2153 1198 2328 1282; x_wconf 81' lang='grc' dir='ltr'>εὐνῇ.</span> 
     </span>
     <span class='ocr_line' id='line_1_9' title="bbox 587 1300 2255 1386; baseline -0.001 -20"><span class='ocrx_word' id='word_1_58' title='bbox 587 1302 709 1367; x_wconf 84' lang='grc' dir='ltr'>αἴθ’</span> <span class='ocrx_word' id='word_1_59' title='bbox 755 1302 994 1385; x_wconf 86' lang='grc' dir='ltr'>ὄφελες</span> <span class='ocrx_word' id='word_1_60' title='bbox 1038 1306 1112 1369; x_wconf 85' lang='grc' dir='ltr'>ςὺ</span> <span class='ocrx_word' id='word_1_61' title='bbox 1158 1305 1273 1383; x_wconf 79' lang='grc' dir='ltr'>μὲν</span> <span class='ocrx_word' id='word_1_62' title='bbox 1318 1302 1464 1368; x_wconf 82' lang='grc' dir='ltr'>αὖθι</span> <span class='ocrx_word' id='word_1_63' title='bbox 1509 1302 1642 1382; x_wconf 88' lang='grc' dir='ltr'>μετ’</span> <span class='ocrx_word' id='word_1_64' title='bbox 1686 1302 2005 1386; x_wconf 83' lang='grc' dir='ltr'>ἀθανάτῃς</span> <span class='ocrx_word' id='word_1_65' title='bbox 2049 1300 2255 1384; x_wconf 86' lang='grc' dir='ltr'>ἁλίῃςι</span> 
     </span>
     <span class='ocr_line' id='line_1_10' title="bbox 587 1403 2216 1489; baseline -0.002 -19"><span class='ocrx_word' id='word_1_66' title='bbox 587 1405 820 1489; x_wconf 83' lang='grc' dir='ltr'>ναίειν,</span> <span class='ocrx_word' id='word_1_67' title='bbox 865 1408 1120 1486; x_wconf 81' lang='grc' dir='ltr'>Πηλεὺς</span> <span class='ocrx_word' id='word_1_68' title='bbox 1164 1409 1236 1471; x_wconf 79' lang='grc' dir='ltr'>δὲ</span> <span class='ocrx_word' id='word_1_69' title='bbox 1281 1407 1516 1484; x_wconf 86' lang='grc' dir='ltr'>θνητὴν</span> <span class='ocrx_word' id='word_1_70' title='bbox 1564 1404 1906 1480; x_wconf 81' lang='grc' dir='ltr'>ἀγαγέςθαι</span> <span class='ocrx_word' id='word_1_71' title='bbox 1951 1403 2216 1468; x_wconf 87' lang='grc' dir='ltr'>ἄκοιτιν.</span> 
     </span>
     <span class='ocr_line' id='line_1_11' title="bbox 586 1503 2334 1591; baseline -0.002 -20"><span class='ocrx_word' id='word_1_72' title='bbox 586 1512 706 1571; x_wconf 81' lang='grc' dir='ltr'>νῦν</span> <span class='ocrx_word' id='word_1_73' title='bbox 751 1509 828 1591; x_wconf 85' lang='grc' dir='ltr'>δ’,</span> <span class='ocrx_word' id='word_1_74' title='bbox 870 1509 979 1573; x_wconf 85' lang='grc' dir='ltr'>ἵνα</span> <span class='ocrx_word' id='word_1_75' title='bbox 1024 1510 1124 1573; x_wconf 83' lang='grc' dir='ltr'>καὶ</span> <span class='ocrx_word' id='word_1_76' title='bbox 1170 1510 1266 1574; x_wconf 88' lang='grc' dir='ltr'>ςοὶ</span> <span class='ocrx_word' id='word_1_77' title='bbox 1309 1508 1550 1572; x_wconf 86' lang='grc' dir='ltr'>πένθος</span> <span class='ocrx_word' id='word_1_78' title='bbox 1598 1506 1694 1571; x_wconf 83' lang='grc' dir='ltr'>ἐνὶ</span> <span class='ocrx_word' id='word_1_79' title='bbox 1737 1507 1922 1586; x_wconf 91' lang='grc' dir='ltr'>φρεςὶ</span> <span class='ocrx_word' id='word_1_80' title='bbox 1965 1505 2192 1584; x_wconf 86' lang='grc' dir='ltr'>μυρίον</span> <span class='ocrx_word' id='word_1_81' title='bbox 2238 1503 2334 1583; x_wconf 83' lang='grc' dir='ltr'>εἴη</span> 
     </span>
     <span class='ocr_line' id='line_1_12' title="bbox 587 1605 2300 1692; baseline -0.001 -20"><span class='ocrx_word' id='word_1_82' title='bbox 587 1611 818 1674; x_wconf 86' lang='grc' dir='ltr'>παιδὸς</span> <span class='ocrx_word' id='word_1_83' title='bbox 861 1610 1368 1692; x_wconf 87' lang='grc' dir='ltr'>ἀποφθιμένοιο,</span> <span class='ocrx_word' id='word_1_84' title='bbox 1411 1609 1529 1673; x_wconf 87' lang='grc' dir='ltr'>τὸν</span> <span class='ocrx_word' id='word_1_85' title='bbox 1578 1607 1700 1686; x_wconf 88' lang='grc' dir='ltr'>οὐχ</span> <span class='ocrx_word' id='word_1_86' title='bbox 1744 1606 2080 1672; x_wconf 82' lang='grc' dir='ltr'>ὑποδέξεαι</span> <span class='ocrx_word' id='word_1_87' title='bbox 2124 1605 2300 1671; x_wconf 84' lang='grc' dir='ltr'>αὖτις</span> 
     </span>
     <span class='ocr_line' id='line_1_13' title="bbox 461 1708 2266 1794; baseline 0.001 -23"><span class='ocrx_word' id='word_1_88' title='bbox 461 1715 544 1773; x_wconf 90' lang='grc'>90</span> <span class='ocrx_word' id='word_1_89' title='bbox 588 1709 803 1776; x_wconf 80' lang='grc' dir='ltr'>οἴκαδε</span> <span class='ocrx_word' id='word_1_90' title='bbox 850 1713 1239 1794; x_wconf 87' lang='grc' dir='ltr'>νοςτήςαντ’,</span> <span class='ocrx_word' id='word_1_91' title='bbox 1287 1713 1427 1776; x_wconf 79' lang='grc' dir='ltr'>επεὶ</span> <span class='ocrx_word' id='word_1_92' title='bbox 1472 1710 1611 1775; x_wconf 90' lang='grc' dir='ltr'>οὐδ’</span> <span class='ocrx_word' id='word_1_93' title='bbox 1655 1710 1764 1789; x_wconf 80' lang='grc' dir='ltr'>ἐμὲ</span> <span class='ocrx_word' id='word_1_94' title='bbox 1810 1711 2007 1790; x_wconf 87' lang='grc' dir='ltr'>θυμὸς</span> <span class='ocrx_word' id='word_1_95' title='bbox 2053 1708 2266 1784; x_wconf 83' lang='grc' dir='ltr'>ἄνωγε</span> 
     </span>
     <span class='ocr_line' id='line_1_14' title="bbox 586 1811 2388 1895; baseline -0.002 -17"><span class='ocrx_word' id='word_1_96' title='bbox 586 1813 774 1878; x_wconf 81' lang='grc' dir='ltr'>ζώειν</span> <span class='ocrx_word' id='word_1_97' title='bbox 821 1813 959 1880; x_wconf 87' lang='grc' dir='ltr'>οὐδ’</span> <span class='ocrx_word' id='word_1_98' title='bbox 1004 1813 1294 1893; x_wconf 87' lang='grc' dir='ltr'>ἄνδρεςςι</span> <span class='ocrx_word' id='word_1_99' title='bbox 1338 1814 1748 1895; x_wconf 87' lang='grc' dir='ltr'>μετέμμεναι,</span> <span class='ocrx_word' id='word_1_100' title='bbox 1793 1811 1863 1875; x_wconf 87' lang='grc' dir='ltr'>αἴ</span> <span class='ocrx_word' id='word_1_101' title='bbox 1904 1832 1973 1876; x_wconf 84' lang='grc' dir='ltr'>κε</span> <span class='ocrx_word' id='word_1_102' title='bbox 2018 1815 2099 1891; x_wconf 88' lang='grc' dir='ltr'>μὴ</span> <span class='ocrx_word' id='word_1_103' title='bbox 2146 1812 2388 1889; x_wconf 82' lang='grc' dir='ltr'>Ἕκτωρ</span> 
     </span>
     <span class='ocr_line' id='line_1_15' title="bbox 574 1911 2423 1996; baseline -0.001 -18"><span class='ocrx_word' id='word_1_104' title='bbox 574 1921 843 1993; x_wconf 76' lang='grc' dir='ltr'>πρῶτος</span> <span class='ocrx_word' id='word_1_105' title='bbox 889 1917 1020 1996; x_wconf 82' lang='grc' dir='ltr'>ἐμῷ</span> <span class='ocrx_word' id='word_1_106' title='bbox 1065 1916 1194 1981; x_wconf 86' lang='grc' dir='ltr'>ὑπὸ</span> <span class='ocrx_word' id='word_1_107' title='bbox 1241 1918 1428 1995; x_wconf 89' lang='grc' dir='ltr'>δουρὶ</span> <span class='ocrx_word' id='word_1_108' title='bbox 1469 1917 1689 1980; x_wconf 86' lang='grc' dir='ltr'>τυπεὶς</span> <span class='ocrx_word' id='word_1_109' title='bbox 1734 1914 1866 1979; x_wconf 87' lang='grc' dir='ltr'>ἀπὸ</span> <span class='ocrx_word' id='word_1_110' title='bbox 1911 1914 2113 1991; x_wconf 90' lang='grc' dir='ltr'>θυμὸν</span> <span class='ocrx_word' id='word_1_111' title='bbox 2160 1911 2423 1996; x_wconf 88' lang='grc' dir='ltr'>ὀλέςςῃ,</span> 
     </span>
     <span class='ocr_line' id='line_1_16' title="bbox 584 2014 2171 2100; baseline -0.002 -18"><span class='ocrx_word' id='word_1_112' title='bbox 584 2018 991 2096; x_wconf 89' lang='grc' dir='ltr'>Πατρόκλοιο</span> <span class='ocrx_word' id='word_1_113' title='bbox 1038 2019 1095 2082; x_wconf 89' lang='grc' dir='ltr'>δ’</span> <span class='ocrx_word' id='word_1_114' title='bbox 1140 2019 1351 2097; x_wconf 82' lang='grc' dir='ltr'>ἕλωρα</span> <span class='ocrx_word' id='word_1_115' title='bbox 1398 2016 1840 2083; x_wconf 83' lang='grc' dir='ltr'>Μενοιτιάδεω</span> <span class='ocrx_word' id='word_1_116' title='bbox 1885 2014 2171 2100; x_wconf 82' lang='grc' dir='ltr'>ἀποτίςῃ.</span> 
     </span>
     <span class='ocr_line' id='line_1_17' title="bbox 761 2117 2555 2199; baseline -0.001 -16"><span class='ocrx_word' id='word_1_117' title='bbox 761 2122 877 2185; x_wconf 86' lang='grc' dir='ltr'>τὸν</span> <span class='ocrx_word' id='word_1_118' title='bbox 926 2120 981 2185; x_wconf 91' lang='grc' dir='ltr'>δ’</span> <span class='ocrx_word' id='word_1_119' title='bbox 1027 2120 1179 2185; x_wconf 82' lang='grc' dir='ltr'>αὖτε</span> <span class='ocrx_word' id='word_1_120' title='bbox 1224 2122 1563 2199; x_wconf 87' lang='grc' dir='ltr'>προςέειπε</span> <span class='ocrx_word' id='word_1_121' title='bbox 1610 2119 1793 2185; x_wconf 86' lang='grc' dir='ltr'>Θέτις</span> <span class='ocrx_word' id='word_1_122' title='bbox 1838 2119 2000 2184; x_wconf 85' lang='grc' dir='ltr'>κατὰ</span> <span class='ocrx_word' id='word_1_123' title='bbox 2045 2117 2245 2195; x_wconf 86' lang='grc' dir='ltr'>δάκρυ</span> <span class='ocrx_word' id='word_1_124' title='bbox 2290 2117 2555 2196; x_wconf 87' lang='grc' dir='ltr'>χέουςα·</span> 
     </span>
     <span class='ocr_line' id='line_1_18' title="bbox 463 2220 2239 2306; baseline 0.001 -25"><span class='ocrx_word' id='word_1_125' title='bbox 463 2225 542 2282; x_wconf 83' lang='grc'>95</span> <span class='ocrx_word' id='word_1_126' title='bbox 588 2220 922 2301; x_wconf 83' lang='grc' dir='ltr'>ὠκύμορος</span> <span class='ocrx_word' id='word_1_127' title='bbox 967 2223 1045 2300; x_wconf 90' lang='grc' dir='ltr'>δή</span> <span class='ocrx_word' id='word_1_128' title='bbox 1091 2244 1198 2301; x_wconf 88' lang='grc' dir='ltr'>μοι</span> <span class='ocrx_word' id='word_1_129' title='bbox 1242 2223 1424 2288; x_wconf 89' lang='grc' dir='ltr'>τέκος</span> <span class='ocrx_word' id='word_1_130' title='bbox 1469 2222 1701 2306; x_wconf 87' lang='grc' dir='ltr'>ἔςςεαι,</span> <span class='ocrx_word' id='word_1_131' title='bbox 1748 2220 1830 2286; x_wconf 86' lang='grc' dir='ltr'>οἷ’</span> <span class='ocrx_word' id='word_1_132' title='bbox 1874 2220 2239 2299; x_wconf 81' lang='grc' dir='ltr'>ἀγορεύεις·</span> 
     </span>
     <span class='ocr_line' id='line_1_19' title="bbox 587 2322 2492 2404; baseline 0 -19"><span class='ocrx_word' id='word_1_133' title='bbox 587 2322 810 2386; x_wconf 82' lang='grc' dir='ltr'>αὐτίκα</span> <span class='ocrx_word' id='word_1_134' title='bbox 853 2323 976 2402; x_wconf 87' lang='grc' dir='ltr'>γάρ</span> <span class='ocrx_word' id='word_1_135' title='bbox 1022 2344 1121 2388; x_wconf 92' lang='grc' dir='ltr'>τοι</span> <span class='ocrx_word' id='word_1_136' title='bbox 1165 2323 1386 2388; x_wconf 81' lang='grc' dir='ltr'>ἔπειτα</span> <span class='ocrx_word' id='word_1_137' title='bbox 1430 2324 1565 2404; x_wconf 91' lang='grc' dir='ltr'>μεθ’</span> <span class='ocrx_word' id='word_1_138' title='bbox 1608 2325 1881 2403; x_wconf 83' lang='grc' dir='ltr'>Ἕκτορα</span> <span class='ocrx_word' id='word_1_139' title='bbox 1922 2323 2169 2402; x_wconf 87' lang='grc' dir='ltr'>πότμος</span> <span class='ocrx_word' id='word_1_140' title='bbox 2214 2322 2492 2400; x_wconf 85' lang='grc' dir='ltr'>ἑτοῖμος.</span> 
     </span>
     <span class='ocr_line' id='line_1_20' title="bbox 761 2424 2702 2507; baseline -0.001 -17"><span class='ocrx_word' id='word_1_141' title='bbox 761 2428 876 2506; x_wconf 83' lang='grc' dir='ltr'>τὴν</span> <span class='ocrx_word' id='word_1_142' title='bbox 921 2428 993 2490; x_wconf 79' lang='grc' dir='ltr'>δὲ</span> <span class='ocrx_word' id='word_1_143' title='bbox 1037 2426 1174 2506; x_wconf 82' lang='grc' dir='ltr'>μέγ’</span> <span class='ocrx_word' id='word_1_144' title='bbox 1217 2425 1495 2506; x_wconf 86' lang='grc' dir='ltr'>ὀχθήςας</span> <span class='ocrx_word' id='word_1_145' title='bbox 1539 2427 1833 2507; x_wconf 89' lang='grc' dir='ltr'>προςέφη</span> <span class='ocrx_word' id='word_1_146' title='bbox 1880 2425 2087 2490; x_wconf 89' lang='grc' dir='ltr'>πόδας</span> <span class='ocrx_word' id='word_1_147' title='bbox 2133 2424 2301 2490; x_wconf 81' lang='grc' dir='ltr'>ὠκὺς</span> <span class='ocrx_word' id='word_1_148' title='bbox 2346 2425 2702 2506; x_wconf 88' lang='grc' dir='ltr'>Ἀχιλλεύς·</span> 
     </span>
     <span class='ocr_line' id='line_1_21' title="bbox 587 2526 2268 2612; baseline 0 -21"><span class='ocrx_word' id='word_1_149' title='bbox 587 2526 807 2592; x_wconf 88' lang='grc' dir='ltr'>αὐτίκα</span> <span class='ocrx_word' id='word_1_150' title='bbox 850 2529 1177 2611; x_wconf 85' lang='grc' dir='ltr'>τεθναίην,</span> <span class='ocrx_word' id='word_1_151' title='bbox 1224 2529 1364 2592; x_wconf 82' lang='grc' dir='ltr'>ἐπεὶ</span> <span class='ocrx_word' id='word_1_152' title='bbox 1408 2528 1528 2593; x_wconf 82' lang='grc' dir='ltr'>οὐκ</span> <span class='ocrx_word' id='word_1_153' title='bbox 1574 2528 1675 2608; x_wconf 86' lang='grc' dir='ltr'>ἄρ’</span> <span class='ocrx_word' id='word_1_154' title='bbox 1718 2528 1990 2608; x_wconf 82' lang='grc' dir='ltr'>ἔμελλον</span> <span class='ocrx_word' id='word_1_155' title='bbox 2037 2527 2268 2612; x_wconf 83' lang='grc' dir='ltr'>ἑταίρῳ</span> 
     </span>
     <span class='ocr_line' id='line_1_22' title="bbox 586 2630 2378 2714; baseline 0 -20"><span class='ocrx_word' id='word_1_156' title='bbox 586 2631 970 2714; x_wconf 82' lang='grc' dir='ltr'>κτεινομένῳ</span> <span class='ocrx_word' id='word_1_157' title='bbox 1016 2631 1361 2709; x_wconf 82' lang='grc' dir='ltr'>ἐπαμῦναι·</span> <span class='ocrx_word' id='word_1_158' title='bbox 1410 2632 1449 2695; x_wconf 87' lang='grc' dir='ltr'><strong><em>ὃ</em></strong></span> <span class='ocrx_word' id='word_1_159' title='bbox 1496 2634 1611 2709; x_wconf 79' lang='grc' dir='ltr'>μὲν</span> <span class='ocrx_word' id='word_1_160' title='bbox 1656 2630 1826 2708; x_wconf 87' lang='grc' dir='ltr'>μάλα</span> <span class='ocrx_word' id='word_1_161' title='bbox 1869 2632 2089 2710; x_wconf 88' lang='grc' dir='ltr'>τηλόθι</span> <span class='ocrx_word' id='word_1_162' title='bbox 2139 2631 2378 2710; x_wconf 86' lang='grc' dir='ltr'>πάτρης</span> 
     </span>
     <span class='ocr_line' id='line_1_23' title="bbox 421 2731 2270 2815; baseline 0.001 -22"><span class='ocrx_word' id='word_1_163' title='bbox 421 2736 544 2795; x_wconf 89' lang='grc'>100</span> <span class='ocrx_word' id='word_1_164' title='bbox 587 2731 812 2815; x_wconf 81' lang='grc' dir='ltr'>ἔφθιτ’,</span> <span class='ocrx_word' id='word_1_165' title='bbox 858 2732 1032 2812; x_wconf 84' lang='grc' dir='ltr'>ἐμεῖο</span> <span class='ocrx_word' id='word_1_166' title='bbox 1079 2735 1151 2797; x_wconf 79' lang='grc' dir='ltr'>δὲ</span> <span class='ocrx_word' id='word_1_167' title='bbox 1196 2736 1384 2811; x_wconf 88' lang='grc' dir='ltr'>δῆςεν</span> <span class='ocrx_word' id='word_1_168' title='bbox 1430 2732 1590 2812; x_wconf 87' lang='grc' dir='ltr'>ἀρῆς</span> <span class='ocrx_word' id='word_1_169' title='bbox 1635 2733 1919 2812; x_wconf 85' lang='grc' dir='ltr'>ἀλκτῆρα</span> <span class='ocrx_word' id='word_1_170' title='bbox 1961 2734 2270 2809; x_wconf 81' lang='grc' dir='ltr'>γενέςθαι.</span> 
     </span>
    </p>
   </div>
   <div class='ocr_carea' id='block_1_3' title="bbox 423 2854 823 2862">
    <p class='ocr_par' dir='ltr' id='par_1_3' title="bbox 423 2854 823 2862">
     <span class='ocr_line' id='line_1_24' title="bbox 423 2854 823 2862; baseline 0 2144"><span class='ocrx_word' id='word_1_171' title='bbox 423 2854 823 2862; x_wconf 95' lang='lat' dir='ltr'> </span> 
     </span>
    </p>
   </div>
   <div class='ocr_carea' id='block_1_4' title="bbox 417 2898 2707 3374">
    <p class='ocr_par' dir='ltr' id='par_1_4' title="bbox 417 2898 2707 3374">
     <span class='ocr_line' id='line_1_25' title="bbox 550 2898 2703 3023; baseline 0.002 -70"><span class='ocrx_word' id='word_1_172' title='bbox 550 2899 621 2954; x_wconf 89' lang='lat' dir='ltr'>V.</span> <span class='ocrx_word' id='word_1_173' title='bbox 656 2920 708 2953; x_wconf 86' lang='lat'>1..</span> <span class='ocrx_word' id='word_1_174' title='bbox 776 2905 843 2955; x_wconf 89' lang='grc'>80</span> <span class='ocrx_word' id='word_1_175' title='bbox 880 2902 1015 3022; x_wconf 47' lang='grc' dir='ltr'>ιέδος</span> <span class='ocrx_word' id='word_1_176' title='bbox 1052 2900 1101 2954; x_wconf 93' lang='lat' dir='ltr'>D</span> <span class='ocrx_word' id='word_1_177' title='bbox 1138 2901 1285 3023; x_wconf 54' lang='lat' dir='ltr'><strong>IlaliES.</strong></span> <span class='ocrx_word' id='word_1_178' title='bbox 1333 2898 1454 2956; x_wconf 66' lang='grc' dir='ltr'>ἐπεὶ</span> <span class='ocrx_word' id='word_1_179' title='bbox 1501 2902 1673 2980; x_wconf 74' lang='grc' dir='ltr'>φίλον</span> <span class='ocrx_word' id='word_1_180' title='bbox 1719 2903 1882 2956; x_wconf 84' lang='grc' dir='ltr'>ὤλες’</span> <span class='ocrx_word' id='word_1_181' title='bbox 1926 2902 2150 2968; x_wconf 81' lang='grc' dir='ltr'>ἑταῖρον</span> <span class='ocrx_word' id='word_1_182' title='bbox 2185 2902 2509 2968; x_wconf 85' lang='grc' dir='ltr'>πάτροκλον</span> <span class='ocrx_word' id='word_1_183' title='bbox 2547 2900 2703 2957; x_wconf 70' lang='lat' dir='ltr'><strong>Vraiz.</strong></span> 
     </span>
     <span class='ocr_line' id='line_1_26' title="bbox 418 2967 2707 3038; baseline 0.001 -18"><span class='ocrx_word' id='word_1_184' title='bbox 418 2970 482 3021; x_wconf 84' lang='lat' dir='ltr'>A.</span> <span class='ocrx_word' id='word_1_185' title='bbox 517 2996 570 3007; x_wconf 93' lang='lat'>-—</span> <span class='ocrx_word' id='word_1_186' title='bbox 619 2975 681 3022; x_wconf 89' lang='lat'>81</span> <span class='ocrx_word' id='word_1_187' title='bbox 723 2975 850 3038; x_wconf 85' lang='grc' dir='ltr'>περῖ</span> <span class='ocrx_word' id='word_1_188' title='bbox 935 3009 947 3022; x_wconf 93' lang='grc'><strong>.</strong></span> <span class='ocrx_word' id='word_1_189' title='bbox 984 2971 1112 3037; x_wconf 86' lang='grc' dir='ltr'>πέρι</span> <span class='ocrx_word' id='word_1_190' title='bbox 1250 3016 1261 3026; x_wconf 92' lang='grc'><em>.</em></span> <span class='ocrx_word' id='word_1_191' title='bbox 1300 2970 1425 3023; x_wconf 85' lang='grc' dir='ltr'>τίον</span> <span class='ocrx_word' id='word_1_192' title='bbox 1460 2969 1512 3023; x_wconf 91' lang='grc' dir='ltr'><strong>Η</strong></span> <span class='ocrx_word' id='word_1_193' title='bbox 1534 2970 1685 3038; x_wconf 77' lang='lat' dir='ltr'><strong>Llps.</strong></span> <span class='ocrx_word' id='word_1_194' title='bbox 1714 3000 1774 3009; x_wconf 89' lang='lat'>—</span> <span class='ocrx_word' id='word_1_195' title='bbox 1800 2975 1866 3023; x_wconf 80' lang='lat'>82</span> <span class='ocrx_word' id='word_1_196' title='bbox 1903 2971 2200 3024; x_wconf 85' lang='grc' dir='ltr'>ἀπώλεςςα</span> <span class='ocrx_word' id='word_1_197' title='bbox 2234 2967 2301 3021; x_wconf 94' lang='grc' dir='ltr'>Η.</span> <span class='ocrx_word' id='word_1_198' title='bbox 2337 2999 2404 3008; x_wconf 87' lang='grc'>-</span> <span class='ocrx_word' id='word_1_199' title='bbox 2439 2973 2505 3022; x_wconf 87' lang='grc'>83</span> <span class='ocrx_word' id='word_1_200' title='bbox 2540 2971 2707 3037; x_wconf 78' lang='grc' dir='ltr'>δηϊώ-</span> 
     </span>
     <span class='ocr_line' id='line_1_27' title="bbox 417 3034 2706 3106; baseline 0 -17"><span class='ocrx_word' id='word_1_201' title='bbox 417 3052 512 3090; x_wconf 88' lang='grc' dir='ltr'>ςας</span> <span class='ocrx_word' id='word_1_202' title='bbox 548 3035 652 3090; x_wconf 87' lang='lat' dir='ltr'>GH</span> <span class='ocrx_word' id='word_1_203' title='bbox 688 3034 835 3090; x_wconf 86' lang='lat' dir='ltr'><strong>Flor.</strong></span> <span class='ocrx_word' id='word_1_204' title='bbox 883 3039 1083 3092; x_wconf 85' lang='grc' dir='ltr'>διώςας</span> <span class='ocrx_word' id='word_1_205' title='bbox 1128 3036 1275 3106; x_wconf 77' lang='lat' dir='ltr'><strong>Lips.</strong></span> <span class='ocrx_word' id='word_1_206' title='bbox 1323 3068 1388 3076; x_wconf 92' lang='lat'>-—</span> <span class='ocrx_word' id='word_1_207' title='bbox 1434 3043 1500 3091; x_wconf 85' lang='lat'>85</span> <span class='ocrx_word' id='word_1_208' title='bbox 1546 3041 1718 3105; x_wconf 80' lang='grc' dir='ltr'>ἤματι</span> <span class='ocrx_word' id='word_1_209' title='bbox 1752 3034 1870 3095; x_wconf 85' lang='lat' dir='ltr'>DG.</span> <span class='ocrx_word' id='word_1_210' title='bbox 1916 3067 1980 3076; x_wconf 91' lang='grc'>-</span> <span class='ocrx_word' id='word_1_211' title='bbox 2025 3042 2092 3091; x_wconf 83' lang='grc'>86</span> <span class='ocrx_word' id='word_1_212' title='bbox 2127 3037 2241 3091; x_wconf 82' lang='grc' dir='ltr'>αἴθ’</span> <span class='ocrx_word' id='word_1_213' title='bbox 2275 3035 2444 3091; x_wconf 86' lang='lat' dir='ltr'>ACD:</span> <span class='ocrx_word' id='word_1_214' title='bbox 2493 3038 2572 3090; x_wconf 84' lang='grc' dir='ltr'>ὡς</span> <span class='ocrx_word' id='word_1_215' title='bbox 2609 3035 2706 3090; x_wconf 86' lang='lat' dir='ltr'>EG</span> 
     </span>
     <span class='ocr_line' id='line_1_28' title="bbox 417 3102 2703 3175; baseline 0.001 -20"><span class='ocrx_word' id='word_1_216' title='bbox 417 3102 509 3157; x_wconf 89' lang='lat' dir='ltr'>HS</span> <span class='ocrx_word' id='word_1_217' title='bbox 544 3103 728 3172; x_wconf 89' lang='lat' dir='ltr'>Apoll.</span> <span class='ocrx_word' id='word_1_218' title='bbox 768 3106 837 3159; x_wconf 85' lang='lat' dir='ltr'>de</span> <span class='ocrx_word' id='word_1_219' title='bbox 889 3104 1044 3175; x_wconf 72' lang='lat' dir='ltr'><strong>Synt.</strong></span> <span class='ocrx_word' id='word_1_220' title='bbox 1083 3112 1198 3171; x_wconf 75' lang='lat'>249,</span> <span class='ocrx_word' id='word_1_221' title='bbox 1238 3112 1321 3159; x_wconf 82' lang='lat'><strong>28.</strong></span> <span class='ocrx_word' id='word_1_222' title='bbox 1362 3107 1441 3160; x_wconf 84' lang='grc' dir='ltr'>ὣς</span> <span class='ocrx_word' id='word_1_223' title='bbox 1476 3104 1536 3159; x_wconf 90' lang='lat' dir='ltr'>L.</span> <span class='ocrx_word' id='word_1_224' title='bbox 1584 3110 1662 3161; x_wconf 85' lang='grc' dir='ltr'>ὡς</span> <span class='ocrx_word' id='word_1_225' title='bbox 1699 3107 1906 3174; x_wconf 85' lang='grc' dir='ltr'>ὄφελες</span> <span class='ocrx_word' id='word_1_226' title='bbox 1942 3106 1993 3157; x_wconf 90' lang='grc' dir='ltr'><strong>Α</strong></span> <span class='ocrx_word' id='word_1_227' title='bbox 2026 3104 2086 3158; x_wconf 84' lang='lat' dir='ltr'>in</span> <span class='ocrx_word' id='word_1_228' title='bbox 2119 3121 2294 3174; x_wconf 83' lang='lat' dir='ltr'><strong>marg.</strong></span> <span class='ocrx_word' id='word_1_229' title='bbox 2342 3105 2434 3159; x_wconf 82' lang='grc' dir='ltr'>ἁλί</span> <span class='ocrx_word' id='word_1_230' title='bbox 2476 3121 2524 3158; x_wconf 90' lang='grc' dir='ltr'>ςι</span> <span class='ocrx_word' id='word_1_231' title='bbox 2559 3104 2703 3159; x_wconf 87' lang='lat' dir='ltr'>ACD</span> 
     </span>
     <span class='ocr_line' id='line_1_29' title="bbox 417 3170 2705 3240; baseline 0.001 -16"><span class='ocrx_word' id='word_1_232' title='bbox 417 3170 583 3226; x_wconf 84' lang='lat' dir='ltr'><strong>GHL.</strong></span> <span class='ocrx_word' id='word_1_233' title='bbox 623 3204 677 3212; x_wconf 87' lang='lat'>-</span> <span class='ocrx_word' id='word_1_234' title='bbox 720 3178 788 3227; x_wconf 88' lang='lat'>88</span> <span class='ocrx_word' id='word_1_235' title='bbox 824 3174 909 3240; x_wconf 78' lang='grc' dir='ltr'>εἴη</span> <span class='ocrx_word' id='word_1_236' title='bbox 947 3173 1095 3227; x_wconf 82' lang='lat' dir='ltr'><strong>libri.</strong></span> <span class='ocrx_word' id='word_1_237' title='bbox 1140 3209 1206 3218; x_wconf 91' lang='lat'><em>-</em></span> <span class='ocrx_word' id='word_1_238' title='bbox 1253 3179 1319 3229; x_wconf 87' lang='lat'>89</span> <span class='ocrx_word' id='word_1_239' title='bbox 1355 3175 1471 3228; x_wconf 87' lang='grc' dir='ltr'>ἀπὸ</span> <span class='ocrx_word' id='word_1_240' title='bbox 1516 3175 1813 3240; x_wconf 86' lang='grc' dir='ltr'>φθιμένοιο</span> <span class='ocrx_word' id='word_1_241' title='bbox 1849 3173 2004 3229; x_wconf 76' lang='lat' dir='ltr'><strong>Vrat.</strong></span> <span class='ocrx_word' id='word_1_242' title='bbox 2044 3173 2096 3229; x_wconf 88' lang='lat' dir='ltr'>d.</span> <span class='ocrx_word' id='word_1_243' title='bbox 2144 3175 2297 3227; x_wconf 77' lang='grc' dir='ltr'>αὖθις</span> <span class='ocrx_word' id='word_1_244' title='bbox 2336 3171 2427 3227; x_wconf 90' lang='lat' dir='ltr'>CD</span> <span class='ocrx_word' id='word_1_245' title='bbox 2487 3214 2499 3224; x_wconf 93' lang='lat'>.</span> <span class='ocrx_word' id='word_1_246' title='bbox 2537 3203 2602 3212; x_wconf 92' lang='lat'>—</span> <span class='ocrx_word' id='word_1_247' title='bbox 2639 3179 2705 3227; x_wconf 83' lang='grc'>90</span> 
     </span>
     <span class='ocr_line' id='line_1_30' title="bbox 417 3239 2703 3308; baseline 0 -16"><span class='ocrx_word' id='word_1_248' title='bbox 417 3241 549 3294; x_wconf 87' lang='grc' dir='ltr'>οὐδέ</span> <span class='ocrx_word' id='word_1_249' title='bbox 586 3257 653 3305; x_wconf 87' lang='grc' dir='ltr'>με</span> <span class='ocrx_word' id='word_1_250' title='bbox 706 3239 898 3295; x_wconf 87' lang='lat' dir='ltr'>DEHS</span> <span class='ocrx_word' id='word_1_251' title='bbox 935 3241 1090 3298; x_wconf 79' lang='lat' dir='ltr'><strong>Vrat.</strong></span> <span class='ocrx_word' id='word_1_252' title='bbox 1138 3240 1203 3295; x_wconf 88' lang='lat' dir='ltr'>A.</span> <span class='ocrx_word' id='word_1_253' title='bbox 1258 3243 1392 3296; x_wconf 79' lang='grc' dir='ltr'>οὐδὲ</span> <span class='ocrx_word' id='word_1_254' title='bbox 1436 3243 1533 3308; x_wconf 76' lang='grc' dir='ltr'>ἐμὲ</span> <span class='ocrx_word' id='word_1_255' title='bbox 1579 3243 1643 3300; x_wconf 87' lang='lat' dir='ltr'><strong>G.</strong></span> <span class='ocrx_word' id='word_1_256' title='bbox 1697 3244 1885 3307; x_wconf 79' lang='grc' dir='ltr'>ἄνωγε</span> <span class='ocrx_word' id='word_1_257' title='bbox 1933 3239 2114 3295; x_wconf 86' lang='lat' dir='ltr'>EGLS</span> <span class='ocrx_word' id='word_1_258' title='bbox 2161 3240 2230 3293; x_wconf 86' lang='lat' dir='ltr'>Li</span> <span class='ocrx_word' id='word_1_259' title='bbox 2267 3259 2310 3293; x_wconf 75' lang='grc' dir='ltr'>ε.</span> <span class='ocrx_word' id='word_1_260' title='bbox 2347 3242 2573 3306; x_wconf 73' lang='grc' dir='ltr'>ἀνώγει</span> <span class='ocrx_word' id='word_1_261' title='bbox 2612 3239 2703 3295; x_wconf 90' lang='lat' dir='ltr'>CD</span> 
     </span>
     <span class='ocr_line' id='line_1_31' title="bbox 417 3306 2704 3374; baseline 0.001 -14"><span class='ocrx_word' id='word_1_262' title='bbox 417 3306 642 3364; x_wconf 79' lang='lat' dir='ltr'><strong>Baroco.</strong></span> <span class='ocrx_word' id='word_1_263' title='bbox 679 3307 819 3363; x_wconf 76' lang='lat' dir='ltr'><strong>Mor.</strong></span> <span class='ocrx_word' id='word_1_264' title='bbox 858 3308 1014 3363; x_wconf 78' lang='lat' dir='ltr'><strong>Vrat.</strong></span> <span class='ocrx_word' id='word_1_265' title='bbox 1050 3309 1105 3362; x_wconf 92' lang='lat' dir='ltr'><strong>b.</strong></span> <span class='ocrx_word' id='word_1_266' title='bbox 1144 3312 1210 3365; x_wconf 88' lang='lat' dir='ltr'><strong>A.</strong></span> <span class='ocrx_word' id='word_1_267' title='bbox 1247 3339 1314 3349; x_wconf 87' lang='lat'>—-</span> <span class='ocrx_word' id='word_1_268' title='bbox 1358 3316 1423 3363; x_wconf 81' lang='lat'>92</span> <span class='ocrx_word' id='word_1_269' title='bbox 1458 3314 1682 3364; x_wconf 75' lang='grc' dir='ltr'>τυπείςι</span> <span class='ocrx_word' id='word_1_270' title='bbox 1726 3312 1916 3374; x_wconf 80' lang='grc' dir='ltr'>δαμεὶς</span> <span class='ocrx_word' id='word_1_271' title='bbox 1952 3308 2011 3361; x_wconf 92' lang='lat' dir='ltr'><strong>L.</strong></span> <span class='ocrx_word' id='word_1_272' title='bbox 2051 3311 2164 3363; x_wconf 87' lang='grc' dir='ltr'>ἀπο</span> <span class='ocrx_word' id='word_1_273' title='bbox 2245 3308 2362 3363; x_wconf 90' lang='lat' dir='ltr'><strong>HL.</strong></span> <span class='ocrx_word' id='word_1_274' title='bbox 2401 3339 2465 3348; x_wconf 91' lang='lat'>—</span> <span class='ocrx_word' id='word_1_275' title='bbox 2511 3315 2576 3363; x_wconf 84' lang='lat'>93</span> <span class='ocrx_word' id='word_1_276' title='bbox 2614 3326 2704 3374; x_wconf 85' lang='grc' dir='ltr'>με·</span> 
     </span>
    </p>
   </div>
   <div class='ocr_carea' id='block_1_5' title="bbox 418 3376 2706 3513">
    <p class='ocr_par' dir='ltr' id='par_1_5' title="bbox 418 3376 2706 3513">
     <span class='ocr_line' id='line_1_32' title="bbox 418 3376 2706 3449; baseline 0.001 -21"><span class='ocrx_word' id='word_1_277' title='bbox 418 3377 703 3430; x_wconf 83' lang='grc' dir='ltr'>νοιτιάδαο</span> <span class='ocrx_word' id='word_1_278' title='bbox 741 3376 875 3431; x_wconf 85' lang='lat' dir='ltr'>AES</span> <span class='ocrx_word' id='word_1_279' title='bbox 912 3377 1069 3436; x_wconf 72' lang='lat' dir='ltr'><strong>Cant,</strong></span> <span class='ocrx_word' id='word_1_280' title='bbox 1116 3376 1277 3432; x_wconf 88' lang='lat' dir='ltr'><strong>Rom.</strong></span> <span class='ocrx_word' id='word_1_281' title='bbox 1324 3379 1576 3432; x_wconf 86' lang='grc' dir='ltr'>ἀποτίςει</span> <span class='ocrx_word' id='word_1_282' title='bbox 1611 3376 1663 3430; x_wconf 94' lang='grc' dir='ltr'>Η</span> <span class='ocrx_word' id='word_1_283' title='bbox 1699 3378 1856 3431; x_wconf 80' lang='lat' dir='ltr'><strong>Vrat.</strong></span> <span class='ocrx_word' id='word_1_284' title='bbox 1906 3376 1960 3429; x_wconf 84' lang='lat' dir='ltr'>d.</span> <span class='ocrx_word' id='word_1_285' title='bbox 2008 3406 2075 3449; x_wconf 47' lang='lat'>-·</span> <span class='ocrx_word' id='word_1_286' title='bbox 2119 3384 2185 3431; x_wconf 77' lang='lat'>94</span> <span class='ocrx_word' id='word_1_287' title='bbox 2221 3379 2286 3430; x_wconf 84' lang='grc' dir='ltr'>ἐν</span> <span class='ocrx_word' id='word_1_288' title='bbox 2319 3379 2476 3444; x_wconf 81' lang='grc' dir='ltr'>ἄλλω</span> <span class='ocrx_word' id='word_1_289' title='bbox 2514 3380 2618 3431; x_wconf 88' lang='grc' dir='ltr'>τὸν</span> <span class='ocrx_word' id='word_1_290' title='bbox 2655 3379 2706 3431; x_wconf 88' lang='grc' dir='ltr'>δ’</span> 
     </span>
     <span class='ocr_line' id='line_1_33' title="bbox 422 3443 2706 3513; baseline 0 -17"><span class='ocrx_word' id='word_1_291' title='bbox 422 3444 669 3509; x_wconf 83' lang='grc' dir='ltr'>ἠμείβετ’</span> <span class='ocrx_word' id='word_1_292' title='bbox 705 3446 898 3500; x_wconf 83' lang='grc' dir='ltr'>ἔπειτα</span> <span class='ocrx_word' id='word_1_293' title='bbox 925 3449 988 3499; x_wconf 91' lang='grc' dir='ltr'>Α.</span> <span class='ocrx_word' id='word_1_294' title='bbox 1026 3462 1171 3499; x_wconf 89' lang='grc' dir='ltr'>κατα</span> <span class='ocrx_word' id='word_1_295' title='bbox 1195 3453 1258 3500; x_wconf 86' lang='grc' dir='ltr'>Α.</span> <span class='ocrx_word' id='word_1_296' title='bbox 1301 3448 1826 3513; x_wconf 83' lang='grc' dir='ltr'>καταδακρυχέουςα</span> <span class='ocrx_word' id='word_1_297' title='bbox 1853 3446 1909 3501; x_wconf 91' lang='lat' dir='ltr'><strong>C.</strong></span> <span class='ocrx_word' id='word_1_298' title='bbox 1948 3447 2470 3513; x_wconf 87' lang='grc' dir='ltr'>καταδακρυχέουςα</span> <span class='ocrx_word' id='word_1_299' title='bbox 2505 3443 2706 3498; x_wconf 84' lang='lat' dir='ltr'><strong>DGHL</strong></span> 
     </span>
    </p>
   </div>
   <div class='ocr_carea' id='block_1_6' title="bbox 418 3515 2706 3955">
    <p class='ocr_par' dir='ltr' id='par_1_6' title="bbox 418 3515 2706 3955">
     <span class='ocr_line' id='line_1_34' title="bbox 421 3515 2705 3624; baseline 0.002 -29"><span class='ocrx_word' id='word_1_300' title='bbox 421 3542 543 3611; x_wconf 80' lang='lat' dir='ltr'><strong>Syr.</strong></span> <span class='ocrx_word' id='word_1_301' title='bbox 582 3574 640 3583; x_wconf 90' lang='lat'>—</span> <span class='ocrx_word' id='word_1_302' title='bbox 682 3552 747 3600; x_wconf 85' lang='grc'>95</span> <span class='ocrx_word' id='word_1_303' title='bbox 782 3550 985 3601; x_wconf 89' lang='grc' dir='ltr'>τέκνον</span> <span class='ocrx_word' id='word_1_304' title='bbox 1024 3550 1169 3601; x_wconf 82' lang='grc' dir='ltr'>ἔςεαι</span> <span class='ocrx_word' id='word_1_305' title='bbox 1195 3545 1262 3599; x_wconf 92' lang='lat' dir='ltr'><strong>D.</strong></span> <span class='ocrx_word' id='word_1_306' title='bbox 1302 3515 1589 3615; x_wconf 49' lang='grc' dir='ltr'>ἀγοᾞῖζεις</span> <span class='ocrx_word' id='word_1_307' title='bbox 1625 3545 1787 3617; x_wconf 84' lang='lat' dir='ltr'><strong>Diog.</strong></span> <span class='ocrx_word' id='word_1_308' title='bbox 1813 3546 1999 3603; x_wconf 78' lang='lat' dir='ltr'><strong>Laert.</strong></span> <span class='ocrx_word' id='word_1_309' title='bbox 2037 3547 2131 3602; x_wconf 90' lang='lat' dir='ltr'>VI.</span> <span class='ocrx_word' id='word_1_310' title='bbox 2159 3553 2208 3611; x_wconf 78' lang='lat'>2,</span> <span class='ocrx_word' id='word_1_311' title='bbox 2246 3554 2296 3604; x_wconf 86' lang='grc'>6.</span> <span class='ocrx_word' id='word_1_312' title='bbox 2331 3575 2398 3585; x_wconf 91' lang='lat'><em>-</em></span> <span class='ocrx_word' id='word_1_313' title='bbox 2433 3552 2497 3600; x_wconf 85' lang='grc'>97</span> <span class='ocrx_word' id='word_1_314' title='bbox 2533 3548 2705 3624; x_wconf 71' lang='grc' dir='ltr'>τήνδε</span> 
     </span>
     <span class='ocr_line' id='line_1_35' title="bbox 420 3611 2706 3683; baseline 0 -17"><span class='ocrx_word' id='word_1_315' title='bbox 420 3611 483 3668; x_wconf 91' lang='lat' dir='ltr'><strong>G.</strong></span> <span class='ocrx_word' id='word_1_316' title='bbox 519 3614 742 3678; x_wconf 81' lang='grc' dir='ltr'>ἀχῖλεύς</span> <span class='ocrx_word' id='word_1_317' title='bbox 779 3614 838 3668; x_wconf 91' lang='lat' dir='ltr'>C.</span> <span class='ocrx_word' id='word_1_318' title='bbox 873 3621 982 3683; x_wconf 84' lang='grc' dir='ltr'>τὴν</span> <span class='ocrx_word' id='word_1_319' title='bbox 1016 3618 1067 3670; x_wconf 90' lang='grc' dir='ltr'>δ’</span> <span class='ocrx_word' id='word_1_320' title='bbox 1101 3616 1237 3668; x_wconf 84' lang='grc' dir='ltr'>αὖτε</span> <span class='ocrx_word' id='word_1_321' title='bbox 1274 3618 1574 3682; x_wconf 83' lang='grc' dir='ltr'>προςέειπε</span> <span class='ocrx_word' id='word_1_322' title='bbox 1601 3617 1886 3683; x_wconf 89' lang='grc' dir='ltr'>ποδάρκης</span> <span class='ocrx_word' id='word_1_323' title='bbox 1921 3617 2040 3671; x_wconf 85' lang='grc' dir='ltr'>δῖος</span> <span class='ocrx_word' id='word_1_324' title='bbox 2077 3616 2365 3681; x_wconf 88' lang='grc' dir='ltr'>Ἀχιλλεύς</span> <span class='ocrx_word' id='word_1_325' title='bbox 2401 3614 2706 3668; x_wconf 77' lang='lat' dir='ltr'>Aeschines</span> 
     </span>
     <span class='ocr_line' id='line_1_36' title="bbox 418 3679 2703 3751; baseline 0.001 -19"><span class='ocrx_word' id='word_1_326' title='bbox 418 3679 542 3737; x_wconf 65' lang='grc' dir='ltr'>εὰν.</span> <span class='ocrx_word' id='word_1_327' title='bbox 578 3679 938 3736; x_wconf 83' lang='lat' dir='ltr'><strong>Timarchum</strong></span> <span class='ocrx_word' id='word_1_328' title='bbox 976 3688 1006 3747; x_wconf 66' lang='grc' dir='ltr'>ἓ</span> <span class='ocrx_word' id='word_1_329' title='bbox 1048 3688 1158 3737; x_wconf 78' lang='grc'>150.</span> <span class='ocrx_word' id='word_1_330' title='bbox 1195 3719 1257 3727; x_wconf 83' lang='grc'><strong>-</strong></span> <span class='ocrx_word' id='word_1_331' title='bbox 1305 3689 1370 3737; x_wconf 88' lang='grc'>98</span> <span class='ocrx_word' id='word_1_332' title='bbox 1407 3685 1474 3751; x_wconf 82' lang='grc' dir='ltr'>ἂρ</span> <span class='ocrx_word' id='word_1_333' title='bbox 1512 3682 1782 3737; x_wconf 86' lang='lat' dir='ltr'><strong>ADGHL.</strong></span> <span class='ocrx_word' id='word_1_334' title='bbox 1828 3713 1890 3722; x_wconf 90' lang='lat'>—</span> <span class='ocrx_word' id='word_1_335' title='bbox 1937 3689 2002 3738; x_wconf 90' lang='grc'>99</span> <span class='ocrx_word' id='word_1_336' title='bbox 2038 3684 2069 3737; x_wconf 90' lang='grc' dir='ltr'>ὃ</span> <span class='ocrx_word' id='word_1_337' title='bbox 2107 3685 2210 3749; x_wconf 86' lang='grc' dir='ltr'>μὲν</span> <span class='ocrx_word' id='word_1_338' title='bbox 2246 3681 2310 3740; x_wconf 89' lang='lat' dir='ltr'><strong>D.</strong></span> <span class='ocrx_word' id='word_1_339' title='bbox 2357 3684 2635 3745; x_wconf 82' lang='grc' dir='ltr'>ἐπαμῦναι</span> <span class='ocrx_word' id='word_1_340' title='bbox 2671 3684 2703 3735; x_wconf 84' lang='grc' dir='ltr'>ὅ</span> 
     </span>
     <span class='ocr_line' id='line_1_37' title="bbox 419 3750 2704 3818; baseline 0 -17"><span class='ocrx_word' id='word_1_341' title='bbox 419 3765 509 3813; x_wconf 90' lang='grc' dir='ltr'>μοι</span> <span class='ocrx_word' id='word_1_342' title='bbox 544 3752 691 3803; x_wconf 85' lang='grc' dir='ltr'>πολὺ</span> <span class='ocrx_word' id='word_1_343' title='bbox 729 3752 1001 3818; x_wconf 79' lang='grc' dir='ltr'>φίλτατος</span> <span class='ocrx_word' id='word_1_344' title='bbox 1039 3753 1199 3805; x_wconf 88' lang='grc' dir='ltr'>ἔςκεν</span> <span class='ocrx_word' id='word_1_345' title='bbox 1233 3751 1559 3805; x_wconf 75' lang='lat' dir='ltr'><strong>Aeschines.</strong></span> <span class='ocrx_word' id='word_1_346' title='bbox 1599 3780 1658 3790; x_wconf 92' lang='lat'><em>-</em></span> <span class='ocrx_word' id='word_1_347' title='bbox 1711 3758 1808 3805; x_wconf 86' lang='grc'>100</span> <span class='ocrx_word' id='word_1_348' title='bbox 1844 3753 2000 3818; x_wconf 79' lang='grc' dir='ltr'>ἐμοῖο</span> <span class='ocrx_word' id='word_1_349' title='bbox 2039 3750 2084 3804; x_wconf 87' lang='lat' dir='ltr'>G</span> <span class='ocrx_word' id='word_1_350' title='bbox 2135 3750 2361 3808; x_wconf 72' lang='lat' dir='ltr'><strong>Barnea,</strong></span> <span class='ocrx_word' id='word_1_351' title='bbox 2398 3751 2484 3810; x_wconf 81' lang='grc' dir='ltr'>δὲ,</span> <span class='ocrx_word' id='word_1_352' title='bbox 2536 3752 2704 3814; x_wconf 87' lang='grc' dir='ltr'>δῆςεν</span> 
     </span>
     <span class='ocr_line' id='line_1_38' title="bbox 418 3815 2704 3887; baseline 0.001 -20"><span class='ocrx_word' id='word_1_353' title='bbox 418 3816 483 3868; x_wconf 90' lang='grc' dir='ltr'>Α.</span> <span class='ocrx_word' id='word_1_354' title='bbox 519 3818 582 3871; x_wconf 78' lang='grc' dir='ltr'>δὲ</span> <span class='ocrx_word' id='word_1_355' title='bbox 618 3820 784 3882; x_wconf 84' lang='grc' dir='ltr'>δῆςεν</span> <span class='ocrx_word' id='word_1_356' title='bbox 820 3818 1058 3874; x_wconf 90' lang='lat' dir='ltr'>CDEGL</span> <span class='ocrx_word' id='word_1_357' title='bbox 1094 3820 1154 3872; x_wconf 74' lang='lat' dir='ltr'>et</span> <span class='ocrx_word' id='word_1_358' title='bbox 1186 3818 1391 3886; x_wconf 76' lang='lat' dir='ltr'>Heynii</span> <span class='ocrx_word' id='word_1_359' title='bbox 1425 3819 1557 3872; x_wconf 85' lang='lat' dir='ltr'>libri</span> <span class='ocrx_word' id='word_1_360' title='bbox 1593 3818 1710 3873; x_wconf 76' lang='lat' dir='ltr'>fere</span> <span class='ocrx_word' id='word_1_361' title='bbox 1749 3835 1957 3878; x_wconf 78' lang='lat' dir='ltr'>omnes,</span> <span class='ocrx_word' id='word_1_362' title='bbox 1996 3818 2178 3873; x_wconf 84' lang='lat' dir='ltr'><strong>Schol.</strong></span> <span class='ocrx_word' id='word_1_363' title='bbox 2225 3819 2272 3871; x_wconf 91' lang='grc' dir='ltr'>Ξ</span> <span class='ocrx_word' id='word_1_364' title='bbox 2305 3823 2424 3871; x_wconf 85' lang='grc'>485.</span> <span class='ocrx_word' id='word_1_365' title='bbox 2461 3816 2549 3870; x_wconf 73' lang='lat' dir='ltr'><strong>Et.</strong></span> <span class='ocrx_word' id='word_1_366' title='bbox 2588 3815 2704 3887; x_wconf 79' lang='lat' dir='ltr'>Mg,</span> 
     </span>
     <span class='ocr_line' id='line_1_39' title="bbox 422 3884 2700 3955; baseline 0.001 -19"><span class='ocrx_word' id='word_1_367' title='bbox 422 3888 536 3951; x_wconf 84' lang='lat'>138,</span> <span class='ocrx_word' id='word_1_368' title='bbox 565 3891 612 3940; x_wconf 83' lang='lat'>2.</span> <span class='ocrx_word' id='word_1_369' title='bbox 640 3884 728 3939; x_wconf 73' lang='lat' dir='ltr'><strong>Et.</strong></span> <span class='ocrx_word' id='word_1_370' title='bbox 759 3886 903 3940; x_wconf 87' lang='lat' dir='ltr'><strong>Gud.</strong></span> <span class='ocrx_word' id='word_1_371' title='bbox 931 3893 1047 3953; x_wconf 76' lang='lat'><strong>216,</strong></span> <span class='ocrx_word' id='word_1_372' title='bbox 1076 3892 1159 3943; x_wconf 79' lang='lat'>47.</span> <span class='ocrx_word' id='word_1_373' title='bbox 1196 3886 1350 3941; x_wconf 73' lang='lat' dir='ltr'><strong>Euat.</strong></span> <span class='ocrx_word' id='word_1_374' title='bbox 1379 3893 1524 3955; x_wconf 82' lang='lat'><strong>1139,</strong></span> <span class='ocrx_word' id='word_1_375' title='bbox 1566 3893 1645 3946; x_wconf 80' lang='lat'><strong>12.</strong></span> <span class='ocrx_word' id='word_1_376' title='bbox 1682 3890 1744 3942; x_wconf 85' lang='grc' dir='ltr'>δὲ</span> <span class='ocrx_word' id='word_1_377' title='bbox 1779 3890 1947 3954; x_wconf 84' lang='grc' dir='ltr'>δῆςεν</span> <span class='ocrx_word' id='word_1_378' title='bbox 1972 3885 2025 3940; x_wconf 90' lang='grc' dir='ltr'>Η</span> <span class='ocrx_word' id='word_1_379' title='bbox 2051 3887 2109 3940; x_wconf 79' lang='lat' dir='ltr'>et</span> <span class='ocrx_word' id='word_1_380' title='bbox 2134 3903 2204 3939; x_wconf 84' lang='lat' dir='ltr'>ex</span> <span class='ocrx_word' id='word_1_381' title='bbox 2240 3901 2380 3939; x_wconf 87' lang='lat' dir='ltr'><strong>corr.</strong></span> <span class='ocrx_word' id='word_1_382' title='bbox 2416 3886 2467 3939; x_wconf 88' lang='grc' dir='ltr'>δ’</span> <span class='ocrx_word' id='word_1_383' title='bbox 2490 3887 2700 3953; x_wconf 81' lang='grc' dir='ltr'>ἔδηςεν.</span> 
     </span>
    </p>
   </div>
   <div class='ocr_carea' id='block_1_7' title="bbox 478 3992 755 4000">
    <p class='ocr_par' dir='ltr' id='par_1_7' title="bbox 478 3992 755 4000">
     <span class='ocr_line' id='line_1_40' title="bbox 478 3992 755 4000; baseline 0 1006"><span class='ocrx_word' id='word_1_384' title='bbox 478 3992 755 4000; x_wconf 95' lang='lat' dir='ltr'> </span> 
     </span>
    </p>
   </div>
   <div class='ocr_carea' id='block_1_8' title="bbox 415 4039 2704 4448">
    <p class='ocr_par' dir='ltr' id='par_1_8' title="bbox 415 4039 2704 4448">
     <span class='ocr_line' id='line_1_41' title="bbox 556 4039 2704 4109; baseline -0.001 -16"><span class='ocrx_word' id='word_1_385' title='bbox 556 4041 621 4093; x_wconf 92' lang='lat' dir='ltr'><strong>A.</strong></span> <span class='ocrx_word' id='word_1_386' title='bbox 660 4057 708 4092; x_wconf 89' lang='grc' dir='ltr'>ο.</span> <span class='ocrx_word' id='word_1_387' title='bbox 780 4045 846 4094; x_wconf 93' lang='grc'>88</span> <span class='ocrx_word' id='word_1_388' title='bbox 883 4040 1000 4107; x_wconf 71' lang='grc' dir='ltr'>εἷηε</span> <span class='ocrx_word' id='word_1_389' title='bbox 1038 4043 1153 4109; x_wconf 65' lang='grc' dir='ltr'>ἦῃῖ</span> <span class='ocrx_word' id='word_1_390' title='bbox 1196 4069 1253 4078; x_wconf 91' lang='lat'>-</span> <span class='ocrx_word' id='word_1_391' title='bbox 1294 4046 1358 4093; x_wconf 77' lang='lat'>92</span> <span class='ocrx_word' id='word_1_392' title='bbox 1395 4042 1537 4095; x_wconf 72' lang='grc' dir='ltr'>ύτιὸτ</span> <span class='ocrx_word' id='word_1_393' title='bbox 1575 4043 1687 4094; x_wconf 85' lang='grc' dir='ltr'>ὕπο</span> <span class='ocrx_word' id='word_1_394' title='bbox 1721 4039 2088 4094; x_wconf 83' lang='lat' dir='ltr'><strong>Herodianus.</strong></span> <span class='ocrx_word' id='word_1_395' title='bbox 2128 4039 2280 4093; x_wconf 86' lang='lat' dir='ltr'>idem</span> <span class='ocrx_word' id='word_1_396' title='bbox 2317 4039 2445 4092; x_wconf 88' lang='grc' dir='ltr'>ἀπὸ.</span> <span class='ocrx_word' id='word_1_397' title='bbox 2494 4073 2559 4082; x_wconf 83' lang='lat'>--</span> <span class='ocrx_word' id='word_1_398' title='bbox 2607 4043 2704 4091; x_wconf 90' lang='grc'>100</span> 
     </span>
     <span class='ocr_line' id='line_1_42' title="bbox 419 4105 2702 4177; baseline -0.002 -15"><span class='ocrx_word' id='word_1_399' title='bbox 419 4109 939 4174; x_wconf 87' lang='grc' dir='ltr'>προπεριςπαςτέον</span> <span class='ocrx_word' id='word_1_400' title='bbox 974 4109 1044 4162; x_wconf 84' lang='grc' dir='ltr'>τὸ</span> <span class='ocrx_word' id='word_1_401' title='bbox 1081 4111 1263 4175; x_wconf 84' lang='grc' dir='ltr'>δῆςεν.</span> <span class='ocrx_word' id='word_1_402' title='bbox 1299 4111 1367 4161; x_wconf 88' lang='grc' dir='ltr'>τὸ</span> <span class='ocrx_word' id='word_1_403' title='bbox 1401 4113 1510 4177; x_wconf 81' lang='grc' dir='ltr'>γὰρ</span> <span class='ocrx_word' id='word_1_404' title='bbox 1544 4115 1581 4162; x_wconf 76' lang='grc' dir='ltr'>ἒ</span> <span class='ocrx_word' id='word_1_405' title='bbox 1614 4113 1718 4162; x_wconf 83' lang='grc' dir='ltr'>τοῦ</span> <span class='ocrx_word' id='word_1_406' title='bbox 1755 4109 1817 4162; x_wconf 85' lang='grc' dir='ltr'>δέ</span> <span class='ocrx_word' id='word_1_407' title='bbox 1854 4110 1968 4163; x_wconf 85' lang='grc' dir='ltr'>ἑςτι</span> <span class='ocrx_word' id='word_1_408' title='bbox 2003 4106 2185 4161; x_wconf 86' lang='lat' dir='ltr'><strong>Schol.</strong></span> <span class='ocrx_word' id='word_1_409' title='bbox 2223 4105 2288 4160; x_wconf 91' lang='lat' dir='ltr'>V.</span> <span class='ocrx_word' id='word_1_410' title='bbox 2335 4107 2406 4160; x_wconf 84' lang='grc' dir='ltr'>τὸ</span> <span class='ocrx_word' id='word_1_411' title='bbox 2442 4107 2503 4159; x_wconf 81' lang='grc' dir='ltr'>δὲ</span> <span class='ocrx_word' id='word_1_412' title='bbox 2537 4108 2702 4171; x_wconf 83' lang='grc' dir='ltr'>δῆςεν</span> 
     </span>
     <span class='ocr_line' id='line_1_43' title="bbox 416 4174 2702 4243; baseline -0.003 -14"><span class='ocrx_word' id='word_1_413' title='bbox 416 4177 774 4240; x_wconf 85' lang='grc' dir='ltr'>διςςύλλαβον</span> <span class='ocrx_word' id='word_1_414' title='bbox 819 4176 1118 4230; x_wconf 79' lang='grc' dir='ltr'>ἐκδεκτέον</span> <span class='ocrx_word' id='word_1_415' title='bbox 1163 4177 1487 4243; x_wconf 86' lang='grc' dir='ltr'>ποιητικόν,</span> <span class='ocrx_word' id='word_1_416' title='bbox 1545 4179 1636 4230; x_wconf 81' lang='grc' dir='ltr'>καὶ</span> <span class='ocrx_word' id='word_1_417' title='bbox 1681 4179 1749 4229; x_wconf 89' lang='grc' dir='ltr'>τὸ</span> <span class='ocrx_word' id='word_1_418' title='bbox 1784 4182 1817 4230; x_wconf 78' lang='grc' dir='ltr'>ἐ</span> <span class='ocrx_word' id='word_1_419' title='bbox 1854 4182 1955 4230; x_wconf 83' lang='grc' dir='ltr'>τοῦ</span> <span class='ocrx_word' id='word_1_420' title='bbox 2004 4177 2377 4242; x_wconf 86' lang='grc' dir='ltr'>προκειμένου</span> <span class='ocrx_word' id='word_1_421' title='bbox 2422 4174 2535 4227; x_wconf 83' lang='grc' dir='ltr'>έςτὶ</span> <span class='ocrx_word' id='word_1_422' title='bbox 2580 4189 2702 4227; x_wconf 86' lang='grc' dir='ltr'>ςυν-</span> 
     </span>
     <span class='ocr_line' id='line_1_44' title="bbox 417 4241 2703 4310; baseline -0.001 -14"><span class='ocrx_word' id='word_1_423' title='bbox 417 4245 616 4307; x_wconf 86' lang='grc' dir='ltr'>δέςμου</span> <span class='ocrx_word' id='word_1_424' title='bbox 652 4241 1106 4298; x_wconf 80' lang='lat' dir='ltr'><strong>Herodianus.</strong></span> <span class='ocrx_word' id='word_1_425' title='bbox 1146 4245 1284 4310; x_wconf 85' lang='grc' dir='ltr'>ἀρῆς</span> <span class='ocrx_word' id='word_1_426' title='bbox 1320 4242 1557 4297; x_wconf 81' lang='lat' dir='ltr'><strong>Ptolem.</strong></span> <span class='ocrx_word' id='word_1_427' title='bbox 1596 4244 1946 4309; x_wconf 77' lang='lat' dir='ltr'>Ascalonita,</span> <span class='ocrx_word' id='word_1_428' title='bbox 1985 4242 2361 4307; x_wconf 72' lang='lat' dir='ltr'>Herodianus,</span> <span class='ocrx_word' id='word_1_429' title='bbox 2410 4242 2468 4295; x_wconf 87' lang='grc' dir='ltr'>αἱ</span> <span class='ocrx_word' id='word_1_430' title='bbox 2503 4241 2703 4295; x_wconf 79' lang='grc' dir='ltr'>εἰκαιό-</span> 
     </span>
     <span class='ocr_line' id='line_1_45' title="bbox 415 4309 2702 4435; baseline -0.002 -71"><span class='ocrx_word' id='word_1_431' title='bbox 415 4313 840 4433; x_wconf 47' lang='grc' dir='ltr'>τὲρῗιεΕὲΑῇεω</span> <span class='ocrx_word' id='word_1_432' title='bbox 879 4311 1253 4435; x_wconf 53' lang='grc' dir='ltr'>Ῑιέἔίεῒῖατςὲξιυῖ</span> <span class='ocrx_word' id='word_1_433' title='bbox 1280 4312 1437 4434; x_wconf 54' lang='grc' dir='ltr'>ίῗῗὲἒ</span> <span class='ocrx_word' id='word_1_434' title='bbox 1474 4310 1717 4435; x_wconf 44' lang='grc' dir='ltr'>93138ωέ</span> <span class='ocrx_word' id='word_1_435' title='bbox 1756 4313 2105 4435; x_wconf 50' lang='grc' dir='ltr'>ἱάρίςὶοὸηέχος</span> <span class='ocrx_word' id='word_1_436' title='bbox 2149 4313 2237 4365; x_wconf 87' lang='grc' dir='ltr'>διὰ</span> <span class='ocrx_word' id='word_1_437' title='bbox 2281 4315 2385 4364; x_wconf 83' lang='grc' dir='ltr'>τοῦ</span> <span class='ocrx_word' id='word_1_438' title='bbox 2425 4314 2476 4363; x_wconf 69' lang='grc' dir='ltr'>ω’</span> <span class='ocrx_word' id='word_1_439' title='bbox 2509 4309 2702 4376; x_wconf 82' lang='grc' dir='ltr'>ἄρεω).</span> 
     </span>
     <span class='ocr_line' id='line_1_46' title="bbox 418 4395 2027 4448; baseline 0.001 -16"><span class='ocrx_word' id='word_1_440' title='bbox 418 4395 564 4432; x_wconf 86' lang='lat' dir='ltr'>cn.</span> <span class='ocrx_word' id='word_1_441' title='bbox 783 4396 838 4448; x_wconf 85' lang='lat' dir='ltr'>g.</span> <span class='ocrx_word' id='word_1_442' title='bbox 978 4421 1075 4446; x_wconf 90' lang='lat'>,.</span> <span class='ocrx_word' id='word_1_443' title='bbox 1160 4397 1270 4435; x_wconf 70' lang='lat' dir='ltr'>ue.</span> <span class='ocrx_word' id='word_1_444' title='bbox 1442 4420 1455 4445; x_wconf 92' lang='lat'>‚</span> <span class='ocrx_word' id='word_1_445' title='bbox 1559 4396 1875 4435; x_wconf 82' lang='grc' dir='ltr'>.οο.;</span> <span class='ocrx_word' id='word_1_446' title='bbox 2014 4420 2027 4434; x_wconf 93' lang='grc'><strong>.</strong></span> 
     </span>
    </p>
   </div>
   <div class='ocr_carea' id='block_1_9' title="bbox 2192 4463 2297 4521">
    <p class='ocr_par' dir='ltr' id='par_1_9' title="bbox 2192 4463 2297 4521">
     <span class='ocr_line' id='line_1_47' title="bbox 2192 4463 2297 4521; baseline 0 0"><span class='ocrx_word' id='word_1_447' title='bbox 2192 4463 2297 4521; x_wconf 80' lang='lat'>12¹·</span> 
     </span>
    </p>
   </div>
  </div>
 </body>
</html>
