3144 5006
436 389 553 454 124
1355 393 1684 448 ΙΛΙΑΔΟ(
1742 394 1801 448 Π

596 548 693 612 coi
736 548 860 626 γὰρ
907 547 1036 622 ἐγὼ
1083 548 1186 611 καὶ
1230 547 1448 612 ἔπειτα
1494 548 1797 628 κατηφείη
1847 549 1950 612 καὶ
1992 547 2247 613 ὄνειδος

597 648 850 729 ἔςςομαι
896 649 1105 729 ἤματα
1147 649 1362 715 πάντα
1404 650 1777 735 διαμπερές,
1824 648 1882 713 εἴ
1924 650 1994 714 κέ
2040 650 2099 730 μ’
2145 649 2388 728 Ἀχαιοὶ

437 753 560 812 500
603 751 832 830 τεύχεα
877 752 1185 829 ςυλήςωςι
1229 753 1400 816 νεῶν
1446 751 1517 816 ἐν
1562 752 1768 828 ἀγῶνι
1810 751 2109 816 πεςόντα.

596 848 736 915 ἀλλ’
779 851 930 933 ἔχεο
976 856 1324 932 κρατερῶς,
1373 849 1605 931 ὄτρυνε
1651 855 1722 918 δὲ
1769 853 1929 918 λαὸν
1974 851 2244 917 ἅπαντα.

779 954 868 1020 ὣς
911 953 1037 1033 ἄρα
1081 976 1185 1034 μιν
1229 952 1490 1019 εἰπόντα
1533 955 2070 1020 τέλος“θανάτοιο
2117 955 2406 1033 κάλυψεν

597 1053 977 1137 ὀφθαλμοὺς
1021 1056 1203 1135 ῥῖνάς
1248 1056 1321 1121 θ’.
1411 1056 1450 1121 ὃ
1499 1059 1569 1122 δὲ
1617 1059 1732 1125 λὰξ
1777 1057 1848 1122 ἐν
1898 1058 2141 1136 ςτήθεςι
2187 1058 2427 1138 βαίνων

597 1156 667 1222 ἐκ
710 1158 910 1237 χροὸς
954 1159 1096 1223 ἕλκε
1142 1158 1329 1238 δόρυ,
1376 1159 1568 1238 προτὶ
1613 1161 1685 1225 δὲ
1731 1160 1968 1240 φρένες
2013 1158 2187 1243 αὐτῷ
2232 1159 2508 1224 ἕποντο·

431 1262 553 1321 505
589 1263 734 1324 τοῖο
781 1260 837 1324 δ’
881 1261 1009 1339 ἅμα
1052 1261 1272 1340 ψυχήν
1315 1281 1384 1325 τε
1429 1262 1530 1327 καὶ
1576 1259 1801 1340 ἔγχεος
1846 1248 2085 1341 ἐξέρυς’
2129 1259 2377 1341 αἰχμήν.

600 1362 1006 1440 Μυρμιδόνες
1049 1363 1106 1427 δ’
1149 1361 1350 1428 αὐτοῦ
1396 1364 1626 1442 ςχέθον
1667 1363 1911 1429 ἵππους
1955 1362 2394 1446 φυςιόωντας,

593 1462 884 1542 ἱεμένους
929 1465 1300 1544 φοβέεςθαι,
1348 1465 1487 1529 ἐπεὶ
1530 1466 1716 1530 λίπεν
1760 1463 1983 1545 ἅρματ’
2027 1463 2339 1530 ἀνάκτων.

775 1566 1031 1650 Γλαύκῳ
1077 1567 1133 1631 δ’
1178 1566 1363 1632 αἰνὸν
1411 1566 1570 1647 ἄχος
1614 1568 1841 1643 γένετο
1887 1569 2177 1647 φθογγῆς
2221 1564 2454 1632 ἀίοντι·

595 1665 832 1747 ὠρίνθη
878 1668 950 1734 δέ
997 1668 1059 1732 οἱ
1101 1666 1285 1748 ἦτορ,
1331 1669 1370 1734 ὅ
1414 1669 1468 1733 τ’
1514 1668 1594 1732 οὐ
1644 1670 1888 1735 δύνατο
1934 1672 2355 1749 προςαμῦναι.

426 1773 553 1832 510
597 1770 759 1848 χειρὶ
802 1769 857 1834 δ’
901 1770 1070 1836 ἑλὼν
1117 1770 1323 1838 ἐπίεζε
1371 1771 1709 1851 βραχίονα·
1756 1775 1925 1850 τεῖρε
1971 1770 2094 1849 γὰρ
2140 1770 2340 1836 αὐτὸν

598 1871 812 1948 ἕλκος,
860 1872 898 1937 ὃ
946 1872 1025 1952 δή
1070 1892 1175 1952 μιν
1220 1873 1500 1952 Τεῦκρος
1546 1872 1976 1952 ἑπεςςύμενον
2023 1873 2216 1954 βάλεν
2262 1871 2338 1955 ἰῷ

602 1972 846 2051 τείχεος
890 1973 1208 2057 ὑψηλοῖο,
1254 1972 1419 2053 ἀρὴν
1463 1974 1779 2054 ἑτάροιςιν
1825 1972 2107 2055 ἀμύνων.

594 2074 942 2154 εὐχόμενος
989 2076 1045 2139 δ’
1090 2075 1217 2155 ἄρα
1258 2072 1448 2142 εἶπεν
1494 2075 1784 2161 ἑκηβόλῳ
1831 2074 2224 2142 Ἀπόλλωνι·

771 2180 949 2241 κλῦθι
992 2174 1186 2254 ἄναξ,
1232 2175 1308 2241 ὅς
1349 2198 1480 2241 που
1524 2177 1750 2256 Λυκίης
1795 2178 1865 2243 ἐν
1910 2177 2085 2243 πίονι
2130 2179 2308 2261 δήμῳ

426 2283 548 2340 515
594 2279 686 2344 εἲς
730 2278 769 2356 ἢ
814 2279 912 2343 ἐνὶ
953 2279 1178 2362 Τροίῃ·
1224 2279 1494 2344 δύναςαι
1539 2281 1612 2344 δὲ
1658 2281 1729 2344 ςὺ
1773 2279 2038 2345 πάντος’
2081 2278 2341 2344 ἀκούειν

594 2378 774 2458 ἀνέρι
819 2380 1180 2464 κηδομένῳ,
1228 2381 1317 2445 ὡς
1363 2385 1482 2447 νῦν
1528 2381 1640 2460 ἐμὲ
1684 2385 1877 2459 κῆδος
1923 2380 2144 2447 ἱκάνει.

595 2480 780 2547 ἕλκος
825 2483 940 2562 μὲν
983 2484 1108 2563 γὰρ
1154 2483 1283 2563 ἔχω
1329 2483 1478 2548 τόδε
1523 2482 1868 2566 καρτερόν,
1918 2482 2082 2564 ἀμφὶ
2126 2482 2197 2548 δέ
2242 2503 2348 2564 μοι
2391 2484 2525 2563 χεὶρ

595 2581 801 2666 ὀξείῃς
846 2583 1149 2669 όδύνῃςιν
1195 2585 1527 2670 ἐλήλαται,
1575 2585 1727 2651 οὐδέ
1772 2605 1879 2663 μοι
1922 2583 2076 2665 αἷμα

593 2688 887 2766 τερςῆναι
933 2687 1229 2763 δύναται,
1277 2687 1537 2767 βαρύθει
1582 2688 1652 2751 δέ
1697 2709 1803 2765 μοι
1847 2686 2020 2768 ὦμος
2065 2686 2171 2752 ὑπ’
2217 2685 2445 2751 αὐτοῦ·

560 2887 1346 2959 V.1..498e†‹1›omitt.fl
1414 2887 1934 2956 -499ἧμι.αταΙ)
1973 2888 2347 2954 εἷκεμ’(ἳΒ.
2386 2889 2714 2954 εἰκέμᾞΙ)

424 2957 487 3010 ἐν
521 2957 677 3023 ἄλλῳ
716 2957 766 3011 εἴ
803 2975 900 3012 κεν
925 2957 994 3023 ἀχ
999 2944 1107 3011 αιόἰ
1132 2958 1197 3013 A.
1237 2988 1300 2997 —
1337 2964 1436 3013 501
1467 2959 1688 3024 ὤτρυνε
1715 2956 1781 3011 G.
1821 2986 1885 2996 —-
1923 2962 2022 3010 502
2059 2958 2136 3010 ὡς
2163 2957 2225 3009 A.
2266 2988 2330 2996 —
2367 2966 2466 3012 503
2503 2960 2582 3023 ὸφ
2585 2962 2716 3012 θαλ-

426 3026 565 3090 μούς
599 3040 664 3078 τε
708 3023 812 3095 Lip
815 3042 855 3078 s.
894 3024 1047 3081 Vrat.
1083 3025 1149 3082 A
1203 3025 1366 3093 ῥῖνάς
1410 3028 1464 3080 θ’
1500 3024 1557 3079 C.
1611 3026 1767 3092 ῥίνάς
1814 3041 1877 3078 τε
1916 3024 1979 3082 D.
2033 3025 2066 3077 ὃ
2112 3026 2173 3079 δὲ
2220 3023 2277 3078 C.
2333 3027 2397 3079 ἐν
2432 3025 2613 3079 omitt.
2651 3025 2710 3078 L.

425 3094 677 3160 ςτήθεςςϊ
712 3092 774 3147 C.
814 3123 879 3132 -
916 3098 1016 3147 504
1051 3091 1203 3148 εἷλκε
1230 3092 1590 3147 ACDEGHS.
1630 3095 1758 3147 ἕλκε
1792 3092 1852 3146 L.
1892 3094 2022 3146 ποτὶ
2061 3090 2247 3167 Οῡῌδ
2284 3093 2428 3161 Lips.
2456 3092 2610 3147 Vrat.
2649 3095 2711 3147 A.

425 3198 626 3247 5-05
662 3192 717 3247 αἰ
721 3194 848 3261 χμίν
875 3193 940 3249 G.
978 3211 1041 3249 τε
1080 3194 1262 3247 omit-t.
1300 3193 1482 3248 Schol.
1522 3195 1564 3247 Ν
1596 3200 1714 3249 574.
1754 3224 1817 3233 --
1855 3198 1954 3248 506
1989 3194 2197 3248 αὐτοὺς
2233 3192 2293 3246 L.
2339 3226 2399 3234 —
2437 3200 2535 3249 507
2570 3200 2662 3259 ϊεμ
2665 3194 2713 3247 ἑ·

424 3277 558 3315 νους
593 3259 662 3312 Η.
699 3264 960 3328 φοβέεςθ’
995 3261 1054 3317 C.
1094 3261 1259 3317 λίπεν
1299 3260 1451 3315 ADH
1488 3260 1594 3331 Lip
1598 3279 1638 3314 s.
1678 3261 1848 3316 Mose.
1887 3268 1934 3317 2
1972 3262 2139 3315 λίπον
2177 3260 2380 3315 CEGL.
2417 3292 2483 3301 —
2519 3268 2619 3316 509
2626 3213 2714 3316 μδὲ

424 3331 460 3393 ἡ
501 3331 640 3395 ἦτορ
679 3280 745 3383 G.
783 3331 871 3383 ὅτ’
904 3329 1051 3384 libri.
1084 3358 1142 3368 —
1180 3336 1280 3384 510
1316 3347 1399 3395 χιε
1441 3332 1457 3383 ἰ
1493 3279 1686 3396 λαβὼν
1721 3332 1772 3383 δ’
1806 3327 1964 3383 Vrat.
1991 3328 2220 3395 (1.χειρι
2256 3333 2307 3382 δ
2341 3331 2492 3394 ἔχων
2530 3328 2714 3386 Cram.

424 3395 528 3465 Ep.
563 3402 680 3461 291,
717 3403 765 3454 6.
814 3403 970 3466 πεῖρε
1005 3399 1111 3466 γάρ
1148 3396 1218 3450 Η.
1267 3347 1435 3464 τεῖρέ
1453 3415 1515 3451 τε
1553 3397 1715 3453 Vrat.
1753 3398 1821 3451 A.
1867 3390 2073 3452 αὐτὸνε
2121 3397 2292 3452 αἰνῶς
2328 3396 2477 3451 Flor.
2511 3427 2576 3437 ——
2613 3403 2711 3451 511

426 3464 796 3528 ἑπεςςύμενος
835 3464 875 3518 C
917 3472 959 3524 1
985 3481 1132 3518 man.
1170 3496 1234 3505 -
1272 3471 1370 3519 512
1407 3466 1488 3530 ὑψ
1492 3469 1654 3519 υλοῑο
1682 3464 1746 3520 G.
1785 3466 1927 3533 ἀνὴρ
1966 3466 2098 3531 ἑτάρ
2102 3481 2239 3519 οιςιν
2265 3464 2319 3518 S.
2353 3496 2419 3503 —
2457 3472 2555 3520 513
2591 3467 2716 3534 ἑκη-

427 3533 598 3598 βόλον
643 3533 955 3588 ἀπόλλωνα
1003 3532 1156 3587 Harl.
1204 3563 1268 3572 —
1315 3540 1415 3587 515
1453 3535 1532 3587 εἲς
1568 3531 1697 3586 AD:
1745 3533 1920 3587 ceteri
1958 3535 2056 3588 εἷς.
2066 3481 2178 3587 ρένι
2216 3531 2285 3589 D
2330 3534 2390 3586 ἐν
2425 3532 2529 3587 Ls.
2576 3533 2715 3587 πάν-

425 3601 565 3654 τος’.
604 3602 820 3656 παντὸς
857 3600 1020 3655 Rhet.
1059 3599 1152 3654 Gr.
1181 3598 1278 3667 ΙΙΙ,
1318 3608 1434 3667 159,
1477 3608 1531 3654 11
1575 3600 1798 3655 diserte.
1838 3603 1898 3656 δέ
1934 3617 1998 3655 τε
2036 3603 2246 3656 πόντος
2274 3599 2339 3654 G.
2378 3630 2444 3640 —
2481 3607 2579 3655 516
2615 3618 2714 3669 κῃ·

424 3738 530 3803 δομ
493 3694 663 3807 μενῳυ
683 3735 752 3790 H.
799 3766 863 3775 —-
909 3741 1007 3790 517
1052 3737 1159 3803 γρά
1197 3736 1377 3789 omitt.
1414 3735 1529 3791 HL.
1578 3736 1855 3803 κρατερόν
1891 3735 1988 3790 EG
1996 3734 2170 3857 LLips
2222 3737 2297 3801 ἀμ
2261 3753 2363 3803 μφι
2400 3735 2468 3791 D.
2522 3738 2585 3791 δέ
2621 3754 2713 3803 μιν

422 3803 606 3940 {lnge
609 3812 724 3928 e511}
757 3753 1433 3941 ἑξῖξιεὲῗιςᾶόῖιόᾙεῑὲθὲνῖἰε
1481 3835 1545 3845 —-
1591 3811 1689 3858 519
1741 3804 2039 3872 βαρύθηΒ
2044 3804 2315 3873 .βαρύθῃ
2353 3803 2502 3873 Lips.
2557 3805 2712 3871 ὦμος

559 4079 625 4131 A.
662 4095 709 4134 ο.
779 4083 879 4131 504
926 4077 1104 4132 eune:
1160 4078 1288 4131 ἕλκε
1334 4076 1707 4131 Aristarchus,
1757 4075 1910 4129 idem
1965 4077 2168 4143 ἔχοντο
2263 4091 2325 4129 ro
2371 4077 2600 4131 ἕποντο.
2647 4105 2716 4116 -

426 4151 523 4201 507
560 4147 649 4200 διὰ
685 4150 788 4200 τοῦ
826 4165 851 4200 ε
895 4145 1086 4210 λίπεν,
1134 4146 1327 4211 ἐπειδὴ
1376 4146 1448 4200 τὰ
1491 4146 1713 4212 ἅρματα
1758 4148 1881 4198 τῶν
1917 4145 2186 4221 ἀνάκτων
2253 4145 2455 4210 ληείφθ
2461 4160 2612 4199 cuv.
2650 4190 2661 4202 .
2702 4186 2715 4199 .

423 4215 732 4281 Ζηνόδοτος
778 4215 839 4267 δὲ
882 4215 971 4268 διὰ
1015 4218 1117 4267 τοῦ
1154 4220 1188 4267 ὃ
1235 4214 1403 4268 λίπον
1448 4212 1794 4280 Didymus.
1848 4242 1914 4251 —
1968 4219 2068 4266 508
2112 4210 2290 4267 ἀίοντι
2336 4211 2708 4277 Aristarchus,

426 4283 956 4402 προπὲροὲθυτὲἔωξ.
993 4310 1058 4321 --
1103 4287 1202 4336 515
1247 4281 1483 4336 πάντος’
1516 4282 1744 4336 ἀκούειν
1788 4279 2139 4335 Herodianus
2183 4296 2311 4334 cum
2355 4279 2713 4341 Aristarcho:

426 4364 575 4402 παντ
614 4364 641 4402 ς
751 4365 790 4401 n
867 4364 899 4402 ο
931 4365 1010 4403 us.
