3144 5006
481 394 601 458 102
1387 391 1720 446 ΙΛΙΑΔΟΕ
1767 392 1834 448 Δ.

648 546 738 612 ὥς
782 548 941 613 ποτέ
984 566 1079 614 τις
1123 547 1318 626 ἐρέει·
1363 544 1511 611 τότε
1555 566 1661 626 μοι
1706 544 1896 625 χάνοι
1936 544 2155 625 εὐρεῖα
2196 546 2389 624 χθών.

812 650 929 716 τὸν
973 651 1040 714 δ’
1084 649 1527 729 έπιθαρςύνων
1568 647 1866 728 προςέφη
1909 648 2142 713 ξανθὸς
2187 647 2553 712 Μενέλαος·

642 751 890 833 θάρςει,
935 753 1018 833 μὴ
1062 752 1135 818 δέ
1178 751 1238 815 τί
1277 771 1383 815 πω
1429 748 1733 815 δειδίςςεο
1778 750 1944 814 λαὸν
1988 748 2277 829 Ἀχαιῶν.

481 860 598 917 185
647 854 766 919 οὐκ
810 854 882 919 ἐν
927 854 1145 936 καιρίῳ
1191 851 1306 918 ὀξὺ
1349 851 1521 931 πάγη
1568 852 1789 934 βέλος,
1834 850 2003 916 ἀλλὰ
2046 849 2353 929 πάροιθεν

643 954 936 1036 εἰρύςατο
980 955 1221 1033 ζωςτήρ
1263 974 1333 1019 τε
1376 951 1735 1020 παναίολος
1779 952 1889 1032 ἠδ’
1933 951 2241 1032 ὑπένερθε

645 1058 822 1136 ζῶμά
862 1077 932 1123 τε
975 1056 1079 1121 καὶ
1119 1055 1333 1139 μίτρη,
1376 1056 1495 1135 τὴν
1538 1057 1810 1135 χαλκῆες
1852 1053 2057 1132 κάμον
2106 1052 2355 1134 ἄνδρες.

813 1160 930 1225 τὸν
974 1159 1042 1222 δ’
1086 1156 1596 1237 ἀπαμειβόμενος
1638 1156 1935 1236 προςέφη
1981 1155 2209 1235 κρείων
2254 1156 2697 1237 Ἀγαμέμνων·

645 1263 712 1325 αἲ
755 1261 880 1339 γὰρ
922 1261 1002 1339 δὴ
1049 1258 1260 1325 οὕτως
1303 1258 1434 1341 εἴη,
1478 1258 1672 1339 φίλος
1716 1258 1770 1327 ὦ
1817 1258 2141 1325 Μενέλαε·

483 1367 604 1425 190
646 1361 834 1426 ἕλκος
876 1362 944 1425 δ’
989 1361 1164 1441 ἰητὴρ
1209 1360 1608 1441 ἑπιμάςςεται
1653 1360 1765 1438 ἠδ’
1808 1360 2085 1438 ἑπιθήςει

647 1463 960 1544 φάρμαχ’,
1009 1461 1051 1526 ἅ
1094 1482 1206 1529 κεν
1248 1460 1514 1545 παύςῃςι
1559 1461 1925 1541 μελαινάων
1969 1461 2292 1528 ὀδυνάων.

717 1606 726 1619 -
815 1565 889 1647 ἦ,
935 1565 1038 1630 καὶ
1079 1563 1472 1646 Ταλθύβιον,
1518 1565 1697 1629 θεῖον
1741 1563 2012 1647 κήρυκα,
2058 1564 2416 1644 προςηύδα·

647 1666 976 1749 Ταλθύβι’,
1020 1665 1153 1730 ὅττι
1195 1663 1452 1744 τάχιςτα
1497 1665 1818 1745 Μαχάονα
1861 1668 2056 1744 δεῦρο
2099 1666 2434 1741 κάλεςςον,

649 1768 827 1848 φῶτ’
871 1768 1247 1847 Ἀςκληπιοῡ
1293 1766 1466 1845 υἱόν,
1512 1765 1842 1847 ἀμύμονος
1889 1765 2176 1850 ἰητῆρος,

483 1875 602 1934 195
648 1868 829 1950 ὄφρα
869 1868 976 1954 ἴδῃ
1022 1869 1363 1934 Μενέλαον
1408 1868 1670 1951 ἀρήιον,
1713 1867 2190 1949 Ἀτρέοςυὶόν,

648 1971 728 2037 ὅν
774 1992 866 2036 τις
910 1970 1231 2037 ὀιςτεύςας
1275 1970 1504 2052 ἔβαλεν
1548 1970 1756 2039 τόξων
1801 1970 1874 2035 εὖ
1919 1970 2105 2035 εἰδὼς

650 2073 898 2153 Τρώων
942 2073 982 2151 ἢ
1027 2071 1306 2154 Λυκίων,
1352 2079 1445 2156 τῷ
1489 2072 1606 2152 μὲν
1649 2071 1871 2150 κλέος,
1915 2072 2065 2151 ἄμμι
2109 2073 2179 2136 δὲ
2224 2071 2479 2136 πένθος.

820 2174 910 2239 ὣς
953 2172 1167 2254 ἔφατ’,
1214 2172 1365 2238 οὐδ’
1409 2172 1535 2254 ἄρα
1581 2173 1642 2239 οἱ
1687 2177 1880 2254 κῆρυξ
1922 2172 2224 2254 ἀπίθηςεν
2269 2172 2572 2249 ἀκούςας,

651 2279 726 2355 βῆ
772 2275 840 2339 δ’
882 2273 1042 2339 ἰέναι
1085 2274 1244 2351 κατὰ
1289 2276 1451 2340 λαὸν
1497 2276 1767 2354 Ἀχαιῶν
1812 2276 2309 2355 χαλκοχιτώνων

482 2384 608 2441 200
652 2376 1031 2442 παπταίνων
1075 2376 1261 2454 ἥρωα
1306 2375 1642 2456 Μαχάονα.
1727 2377 1844 2444 τὸν
1888 2378 1959 2441 δὲ
1994 2377 2233 2456 ννὸηςεν

650 2477 931 2543 ἑςταότ’·
977 2476 1143 2558 ἀμφὶ
1185 2476 1256 2542 δέ
1301 2498 1405 2558 μιν
1449 2478 1743 2563 κρατεραὶ
1787 2478 1989 2559 ςτίχες
2032 2478 2391 2570 ᾄςπιςτάων
2456 2515 2467 2523 -

649 2580 863 2662 λαῶν,
910 2579 975 2645 οἵ
1019 2579 1082 2644 οἱ
1127 2579 1366 2645 ἕποντο
1411 2579 1640 2660 Τρίκης
1685 2582 1749 2648 ἐξ
1791 2580 2192 2660 ἱπποβότοιο.

615 2764 682 2820 V.
719 2783 770 2818 L.
828 2771 922 2820 182
959 2766 1038 2820 ὡς
1063 2764 1139 2820 Μ.
1173 2766 1307 2821 τότέ
1332 2782 1422 2831 μοι
1448 2763 1609 2824 CDO.
1644 2767 1768 2820 τότ’
1791 2767 1913 2832 ἐμοὶ
1937 2765 2121 2835 Apoll.
2144 2766 2274 2819 Lex.
2304 2771 2383 2832 17,
2410 2772 2490 2820 2⁸2.
2527 2767 2683 2832 χάνει
2708 2765 2767 2825 L.

483 2865 544 2874 —-
596 2839 692 2888 183
738 2836 1105 2901 ἑπιθαρςὴςας
1150 2832 1310 2889 Vrat.
1349 2850 1396 2887 0.
1449 2863 1515 2872 —
1570 2838 1668 2887 184
1715 2836 1790 2900 μὴ
1834 2834 1896 2888 δέ
1940 2851 1994 2888 τι
2042 2832 2255 2887 ACDO.
2311 2836 2386 2900 μὴ
2432 2837 2483 2888 δ’
2526 2836 2609 2889 ἔτι
2644 2833 2764 2899 LM,

481 2901 658 2956 ceteri
692 2903 832 2969 μηδέ
866 2919 938 2958 τι.
996 2918 1091 2956 πω
1127 2918 1338 2957 omnes,
1375 2901 1608 2957 δειδίςεο
1645 2900 1708 2953 D.
1745 2902 2032 2957 δειδείςαιο
2069 2900 2135 2956 G.
2169 2931 2233 2940 —
2276 2909 2371 2956 185
2405 2903 2475 2955 οὐ
2509 2904 2617 2968 θὴν
2654 2903 2768 2956 καί-

481 3039 744 3159 ,Χιᾶιὲὲἑῦ
774 3038 931 3158 §Saga
968 3037 1131 3129 πάγη·
1157 3036 1311 3096 Harl.
1351 3067 1414 3077 —
1454 3040 1550 3090 186
1586 3036 1820 3115 ἑρύςατο
1860 3036 1923 3090 D.
1970 3039 2059 3141 ηδ’
2093 3035 2161 3090 D.
2193 2986 2330 3158 ‚9335
2364 3035 2433 3091 H.
2489 3038 2767 3105 ὑπένερθε

483 3175 628 3241 ἅπερ
663 3173 721 3225 L.
773 3105 963 3240 πὲὐὲὲῐ
997 3112 1054 3227 ςΔε
1089 3111 1200 3226 1(Ξῶ
1213 3106 1510 3241 πῖκὺιςῗτῗ
1535 3106 1729 3226 §1133-
1743 3104 1923 3231 3(·}.e}-
1943 3107 2195 3228 ³325}-
2246 3134 2417 3227 162—11
2437 3106 2768 3240 ιέόηὲδέεὗ

483 3273 541 3280 --
587 3247 684 3294 193
718 3242 806 3294 ὅτι
842 3243 905 3296 A.
942 3269 1007 3279 —-
1051 3247 1145 3295 195
1182 3242 1334 3308 ὄφρα
1369 3237 1797 3294 ADHLMNOS:
1837 3242 1973 3308 ὄφρ’
2007 3239 2096 3294 CG
2128 3240 2268 3295 Ven.
2304 3239 2348 3292 B
2429 3240 2527 3298 arl.
2553 3240 2767 3299 Townl.

482 3309 683 3376 ἀτρέος
719 3308 845 3362 υἱόν
877 3306 985 3361 AN
1020 3307 1233 3361 Townl.
1268 3310 1486 3376 ἀτρέως
1522 3309 1650 3362 υἱόν
1684 3308 1763 3362 D:
1809 3310 1986 3377 ἀρχὸν
2021 3310 2236 3375 ἀχαιῶν
2273 3307 2633 3363 CGHLMOS.
2679 3327 2766 3376 γρ.

483 3427 661 3493 ἀρχὸν
704 3426 919 3490 ἀχαιων
955 3425 1022 3479 A.
1077 3462 1145 3471 -
1200 3431 1300 3481 196
1345 3429 1414 3481 ὅν
1459 3385 1569 3483 ἶίῧ·
1606 3427 1663 3482 c.
1718 3427 1806 3483 τις
1850 3426 1975 3482 GM.
2037 3429 2201 3493 ἔβαλε
2251 3424 2299 3479 G
2345 3427 2530 3482 Schol.
2583 3430 2617 3482 ι·
2652 3435 2768 3483 315.

483 3496 681 3558 ἔβαλλε
715 3492 791 3546 Μ.
829 3524 892 3533 -
920 3499 1034 3559 196,
1076 3500 1170 3548 197
1207 3495 1386 3550 omitt.
1413 3494 1480 3561 D,
1516 3496 1694 3549 habet
1717 3494 1763 3549 Ο
1798 3495 1859 3549 in
1893 3513 2017 3549 mar
2058 3495 2165 3550 ine.
2191 3525 2256 3534 -
2287 3502 2380 3549 197
2414 3498 2626 3565 τρῴων
2657 3494 2770 3551 GL.

482 3562 569 3616 τὼ
607 3560 709 3628 μὲν
744 3560 893 3615 C.-—
935 3568 1031 3617 198
1067 3564 1147 3618 ὡς
1183 3565 1249 3616 Α.
1288 3564 1323 3616 ἄ
1361 3564 1397 3616 ά
1430 3569 1485 3618 οὶ
1519 3563 1699 3618 MNO.
1738 3565 1908 3631 κῆρυξ
1945 3562 1993 3617 D
2102 3606 2113 3617 .
2153 3594 2213 3603 —-
2252 3570 2353 3619 200
2389 3564 2500 3619 *δὲ
2536 3564 2604 3618 νό
2647 3581 2770 3619 ccv:

483 3630 615 3683 libri
659 3631 709 3682 δ’
744 3629 994 3696 ἐνόηςεν.
1055 3660 1112 3668 -
1169 3637 1263 3684 201
1352 3649 1454 3697 μφι
1492 3634 1553 3685 A.
1613 3661 1672 3670 —-
1728 3638 1830 3684 202
1873 3631 2103 3699 τρίκκης
2148 3631 2241 3686 Ac
2294 3639 2335 3685 1.
2371 3648 2520 3686 man.
2558 3630 2609 3684 H
2657 3631 2771 3685 MN

485 3696 638 3751 Harl.
673 3696 828 3774 Vrafg.
855 3712 904 3750 a..
940 3699 1149 3765 θρήκης
1186 3697 1253 3750 D.
1281 3701 1425 3752 conf.
1453 3701 1493 3753 Β
1520 3705 1619 3754 729
1656 3699 1711 3754 οἳ
1744 3702 1795 3752 δ’
1831 3702 1987 3766 εἶχον
2022 3700 2285 3767 Τρίκκην,
2322 3716 2436 3768 qua
2457 3699 2769 3767 scripturae

483 3765 861 3890 {ll-lssfnssfvasstla
894 3766 1081 3819 motus
1117 3764 1313 3823 Bothe.
1362 3766 1608 3821 coniecit
1652 3767 1706 3822 οἳ
1740 3768 1982 3835 Τρίκκης
2025 3769 2080 3823 οἱ
2116 3769 2311 3823 ἕποντ’
2347 3767 2439 3821 vel
2475 3769 2675 3822 ἕποντ’
2706 3769 2769 3823 ἐκ

534 3850 567 3902 ρ
590 3850 741 3901 κκης.

621 3988 686 4040 Α.
721 4004 771 4042 c.
830 3992 925 4041 184
950 4003 1072 4041 mn:
1110 3987 1266 4041 οὕτω
1302 3993 1397 4041 ῖῶ
1434 3988 1782 4055 ἀρίςταρχος,
1819 3989 1887 4043 οὐ
1928 3991 1945 4042 ἰ
1980 3993 2112 4054 πῖ»,
2148 3991 2226 4044 ὠς
2252 4006 2401 4044 τινες
2426 3989 2772 4058 Didymus.

484 4056 542 4108 in
579 4054 772 4109 codice
807 4062 902 4108 τ’τῖῡ
939 4054 1028 4109 est
1060 4054 1166 4108 scri
1209 4056 1346 4121 tum,
1384 4071 1496 4110 non
1533 4063 1674 4121 τ’τῖῑι-ς,
1711 4058 1776 4110 ut
1808 4055 1889 4110 Be
1932 4056 1987 4110 k.
2024 4055 2218 4111 edidit.
2246 4088 2306 4097 --
2348 4063 2443 4110 194
2477 4058 2545 4111 οὐ
2584 4074 2771 4124 περιτ-

483 4127 583 4177 τὸς
619 4125 652 4177 ὁ
686 4124 870 4188 ςτίχος
908 4121 1087 4178 Schol.
1126 4121 1171 4175 B
1223 4165 1235 4179 .
1270 4154 1335 4162 —
1377 4130 1473 4178 195
1508 4127 1541 4179 ό
1579 4126 1775 4190 ὀβελος
1813 4127 1902 4178 καὶ
1938 4125 2255 4192 ἀςτερίςκος
2302 4127 2389 4178 δτι
2424 4130 2530 4178 νῦν
2565 4126 2771 4192 παρέλ-

487 4206 570 4244 κει
605 4191 694 4257 (=
729 4192 994 4257 περιττός
1029 4192 1168 4255 ἑςτι)
1203 4192 1657 4246 Aristonicum
1718 4193 2003 4262 pertinere
2047 4192 2214 4246 simul
2261 4191 2334 4246 ad
2372 4209 2476 4244 ves,
2519 4197 2632 4256 196,
2675 4198 2769 4246 197

485 4255 707 4310 monuit
739 4257 1154 4313 Friedlaender.
1189 4261 1370 4326 recte,
1415 4276 1548 4314 nam
1594 4261 1651 4314 in
1689 4261 1882 4316 codice
1919 4260 2005 4313 his
2042 4260 2291 4315 versibus
2327 4261 2387 4314 et
2421 4259 2674 4313 asterisci
2712 4262 2773 4314 et

486 4323 636 4376 obeli
671 4326 803 4378 sunt.
836 4324 1064 4393 adpieti.
