3144 5006
484 397 613 459 324
1409 395 1739 450 ΙΛΙΑΔΟ(
1786 395 1846 446 Λ.

657 549 840 632 βαῖν’,
884 550 1259 628 Ἀςκληπιοῦ
1305 548 1471 629 υἱός,
1518 547 1851 627 ἀμύμονος
1897 545 2185 625 ἰητῆρος·

656 650 940 730 μάςτιξεν
987 651 1045 716 δῖ
1083 649 1357 733 ἵππους,
1402 652 1494 715 τὼ
1539 650 1597 714 δ’
1642 648 1762 713 οὐκ
1806 649 2070 713 ἀέκοντε
2115 649 2424 728 πετέςθην

488 755 615 814 520
657 754 815 828 νῆας
860 751 964 816 ἔπι
1008 751 1373 833 γλαφυράς·
1419 757 1495 833 τῆ
1539 749 1662 828 γὰρ
1708 751 1905 830 φίλον
1951 749 2183 814 ἔπλετο
2229 754 2426 830 θυμῷ.

833 853 1166 932 Κεβριόνης
1214 854 1284 918 δὲ
1327 853 1554 931 Τρῶας
1601 851 2026 932 ὀρινομένους
2071 851 2336 929 ἐνόηςεν

656 955 906 1032 Ἕκτορι
952 954 1361 1037 παρβεβαώς,
1405 953 1506 1018 καί
1550 974 1656 1033 μιν
1700 955 1864 1032 πρὸς
1908 956 2111 1031 μῦθον
2156 953 2396 1018 ἔειπεν·

823 1056 1081 1137 Ἕκτορ,
1127 1059 1243 1119 νῶι
1288 1056 1403 1133 μὲν
1448 1054 1662 1120 ἐνθάδ’
1706 1054 2445 1134 ὁμιλέομεν“Δαναοῑςιν

660 1157 911 1238 ἐςχατιῇ
956 1156 1271 1234 πολέμοιο
1318 1156 1656 1236 δυςηχέος·
1704 1155 1768 1222 οἱ
1811 1157 1883 1221 δὲ
1926 1159 2005 1236 δὴ
2050 1155 2236 1219 ἄλλοι

489 1263 611 1320 525
657 1259 872 1336 Τρῶες
917 1256 1245 1336 ὀρίνονται
1290 1258 1514 1341 ἐπιμίξ,
1553 1258 1744 1323 ἵπποι
1787 1279 1853 1323 τε
1897 1258 1998 1322 καὶ
2041 1255 2244 1322 αὐτοί.

655 1358 807 1423 Αἴας
851 1359 923 1423 δὲ
965 1360 1213 1425 κλονέει
1258 1358 1692 1439 Τελαμώνιος·
1741 1358 1815 1425 εὖ
1860 1359 1931 1424 δέ
1976 1380 2080 1438 μιν
2124 1358 2365 1435 ἔγνων·

656 1459 811 1540 εὐρὺ
857 1461 977 1539 γὰρ
1023 1455 1182 1541 ἀμφ’
1224 1460 1482 1540 ώμοιςιν
1530 1460 1662 1540 ἔχει
1706 1461 1912 1527 ςάκος.
1985 1459 2152 1525 ἀλλὰ
2194 1461 2294 1524 καὶ
2336 1459 2512 1538 ἡμεῖς

655 1562 807 1626 κεῖς’
846 1560 1090 1628 ἵππους
1133 1582 1200 1625 τε
1246 1564 1346 1626 καὶ
1390 1561 1535 1643 ἅρμ’
1581 1562 1902 1644 ἰθύνομεν,
1949 1562 2105 1627 ἔνθα
2149 1560 2413 1643 μάλιςτα

655 1662 887 1740 ἱππῆες
931 1664 1113 1728 πεζοί
1156 1684 1223 1728 τε
1269 1666 1466 1742 κακὴν
1511 1664 1694 1743 ἔριδα
1737 1664 2175 1743 προβαλόντες

487 1770 615 1828 530
657 1763 980 1844 ἀλλήλους
1026 1763 1346 1846 ὀλέκουςι,
1396 1767 1512 1847 βοὴ
1556 1766 1613 1829 δ’
1653 1763 1950 1844 ἀςβεςτος
1996 1763 2264 1844 ὄρωρεν.

364 1877 370 1884 ’
827 1866 916 1930 ὣς
961 1864 1086 1944 ἄρα
1129 1868 1438 1947 φωνήςας
1478 1866 1700 1946 ἵμαςεν
1747 1866 2143 1946 καλλίτριχας
2184 1865 2427 1930 ἵππους

656 1968 898 2048 μάςτιγι
944 1970 1197 2053 λιγυρῇ·
1242 1969 1340 2032 τοὶ
1383 1968 1455 2032 δὲ
1498 1971 1746 2047 πληγῆς
1790 1967 2042 2032 ἀίοντες

663 2068 841 2149 ῥίμφ’
883 2068 1126 2149 ἔφερον
1171 2070 1331 2134 θοὸν
1376 2068 1544 2148 ἅρμα
1587 2070 1744 2147 μετὰ
1784 2069 2010 2147 Τρῶας
2053 2069 2157 2132 καὶ
2197 2067 2507 2151 Ἀχαιούς,

662 2170 1010 2250 ςτείβοντες
1056 2168 1286 2236 νέκυάς
1328 2191 1397 2235 τε
1441 2170 1542 2235 καὶ
1587 2169 1852 2235 ἀςπίδας
1873 2189 1887 2205 ·
1935 2168 2147 2250 αἵματι
2192 2169 2250 2233 δ’
2293 2166 2465 2234 ἄξων

490 2276 612 2334 535
654 2272 882 2349 νέρθεν
928 2270 1095 2335 ἅπας
1139 2271 1511 2336 πεπάλακτο
1557 2273 1662 2336 καὶ
1704 2270 1970 2346 ἄντυγες
2016 2269 2080 2334 αἱ
2123 2271 2268 2349 περὶ
2311 2271 2569 2351 δίφρον,

658 2371 733 2435 ἃς
779 2371 879 2450 ἄρ’
923 2371 1040 2453 ἀφ’
1082 2372 1353 2457 ἱππείων
1401 2372 1665 2438 ὁπλέων
1712 2370 2091 2453 ῥαθάμιγγες
2135 2371 2412 2452 ἔβαλλον

658 2472 726 2537 αἵ
768 2473 823 2537 τ’
868 2471 977 2538 ἀπ’
1021 2473 1441 2554 ἐπιςςώτρων.
1515 2475 1553 2539 ὃ
1602 2476 1674 2539 δὲ
1715 2472 1851 2539 ἵετο
1896 2477 2080 2540 δῦναι
2125 2472 2349 2553 ὅμιλον

658 2573 1022 2654 ἀνδρόμεον
1069 2575 1247 2655 ῥῆξαί
1292 2597 1360 2641 τε
1404 2576 1821 2669 μετάλμενος·
1867 2576 1937 2639 ἐν
1982 2575 2052 2639 δὲ
2097 2574 2404 2654 κυδοιμὸν

657 2676 770 2756 ἧκε
815 2677 1011 2742 κακὸν
1054 2677 1404 2761 Δαναοῑςι,
1448 2678 1718 2758 μίνυνθα
1761 2678 1834 2741 δὲ
1878 2677 2105 2757 χάζετο
2150 2676 2406 2755 δουρός.

491 2784 616 2843 540
659 2776 860 2857 αὐτὰρ
907 2779 945 2843 ὃ
991 2782 1121 2844 τῶν
1165 2776 1384 2844 ἄλλων
1433 2779 1826 2853 ἐπεπωλεῖτο
1871 2776 2078 2856 ςτίχας
2122 2776 2381 2857 ἀνδρῶν

624 2963 693 3016 V.
733 2982 782 3016 τ..
835 2969 934 3017 519
972 2966 1192 3028 μάςτιξε
1229 2962 1273 3016 Ε
1308 2963 1394 3017 bis
1429 2961 1495 3017 G.
1528 2964 1741 3017 ἵππους
1778 2960 1945 3015 ACD:
1983 2962 2153 3015 ἐλάαν
2188 2961 2232 3014 E
2268 2960 2354 3015 bis
2385 2959 2571 3015 GHLS
2608 2959 2770 3015 Cant.

488 3029 713 3109 Dat-900.
753 3030 974 3109 ‚TownL
1011 3030 1170 3085 Vrat.
1215 3030 1272 3083 b.
1310 3030 1481 3083 Mose.
1526 3038 1574 3087 2.
1619 3048 1705 3149 γῆ.
1753 3031 1924 3084 ἐλάαν
1961 3030 2023 3082 Α.
2071 3031 2304 3083 ἀέκοντε
2350 3027 2525 3097 Lips.=
2564 3030 2771 3083 ἄκοντε

489 3099 620 3152 hbn
655 3114 784 3152 mel.
837 3130 882 3135 --
943 3104 1042 3151 520
1077 3099 1170 3152 ἐπι
1207 3098 1268 3151 Α.
1319 3100 1413 3151 ἐπὶ
1450 3097 1639 3152 CDEG
1702 3097 1741 3149 L
1808 3127 1869 3135 —·
1914 3103 2014 3151 521
2050 3104 2239 3164 τρῷας
2273 3096 2331 3154 L.
2377 3098 2571 3165 ἑνόηςε
2608 3095 2666 3150 C.
2705 3126 2770 3135 —

490 3213 555 3223 —
593 3190 692 3237 523
728 3185 973 3236 δαναοῖςι
997 3180 1115 3235 DG.
1151 3212 1216 3220 -
1253 3188 1352 3236 525
1386 3188 1570 3249 τρῷες
1599 3181 1658 3235 L.
1696 3166 1876 3246 ἐπ’ῗμίξ
1912 3180 1960 3233 D
1987 3181 2127 3249 geio).
2164 3182 2322 3235 ἄλλοι
2349 3180 2389 3234 C
2415 3182 2476 3234 et
2496 3197 2770 3250 suprascr.

490 3250 671 3307 αὐτοί.
712 3278 768 3287 ·-
809 3255 908 3303 528
946 3251 1084 3303 κεῖθ’
1106 3248 1252 3318 Lips.
1285 3250 1499 3305 ἵππους
1521 3251 1588 3304 τὲ
1613 3248 1731 3307 ΑΗ.
1765 3250 1976 3304 ἵππους
2014 3253 2102 3302 καὶ
2139 3250 2287 3316 ἅρμα
2312 3247 2371 3301 L.
2407 3250 2608 3316 ἅρματ’
2634 3246 2770 3302 CGS

493 3351 649 3405 Cant.
694 3349 832 3403 Mor.
869 3349 1025 3407 Vrat.
1065 3351 1129 3402 A.
1177 3351 1399 3417 ἅρματα
1434 3350 1498 3405 D.
1546 3380 1609 3390 —
1656 3358 1756 3404 530
1790 3353 1997 3419 ὀρώρει
2033 3350 2081 3403 D
2126 3349 2273 3429 Lips.
2311 3349 2526 3403 Townl.
2563 3331 2772 3417 ὄρώρεεί

491 3418 557 3472 Η.
595 3447 660 3457 --
696 3424 792 3471 531
832 3418 911 3471 ώς
948 3419 1011 3470 Α.
1048 3418 1207 3480 ἵμαςε
1245 3417 1411 3471 DEG.
1446 3449 1510 3457 —
1547 3425 1645 3473 532
1680 3422 1797 3472 τοὶς
1835 3419 1888 3472 οἱ
1926 3417 2104 3472 Sohol.
2145 3416 2303 3475 Pmd.
2347 3416 2514 3486 Pyth.
2552 3417 2648 3479 ΙΙΙ,
2684 3424 2770 3473 48.

491 3516 556 3525 -
593 3492 692 3540 533
725 3490 915 3553 τρῷας
950 3484 1010 3538 L.
1049 3515 1108 3525 -—
1146 3492 1247 3539 535
1283 3486 1340 3540 αἳ
1375 3503 1501 3553 περι
1528 3485 1593 3539 Α.
1631 3487 1782 3553 παρὰ
1816 3488 2019 3553 δίφρον
2041 3483 2178 3537 Mor.
2213 3515 2279 3524 -
2314 3491 2414 3539 536
2449 3486 2518 3552 ἂρ
2542 3484 2659 3541 DG.
2699 3488 2772 3553 ἀρ

491 3605 557 3658 Α.
596 3635 655 3643 -—
695 3609 792 3657 537
830 3603 1163 3669 ἑπιςώτρων
1199 3601 1308 3661 GL.
1344 3605 1439 3658 ἐπὶ
1476 3605 1714 3671 ςώτρων
1749 3604 1812 3657 D.
1850 3604 1883 3656 ὃ
1918 3605 1981 3657 δὲ
2013 3603 2134 3657 ἵετο
2172 3602 2229 3657 C.
2266 3632 2331 3642 -—
2377 3609 2475 3658 538
2509 3604 2670 3670 ῥῆξαί
2702 3557 2772 3659 ξε

493 3673 558 3725 Α.
595 3673 658 3727 ἒν
692 3673 755 3725 A„
801 3701 866 3710 —
911 3677 1009 3724 539
1045 3671 1096 3724 δ’
1137 3672 1365 3736 ἐχάζετο
1408 3670 1478 3724 Η.
1523 3702 1589 3710 -
1632 3678 1732 3726 540
1778 3672 1811 3724 ὃ
1848 3669 2161 3731 ACDGHL.
2204 3672 2385 3739 αῠτὰρ
2419 3676 2541 3726 τῶν
2575 3673 2773 3726 ἄλλων

491 3739 825 3794 Plutarchus
860 3738 932 3793 de
966 3737 1110 3791 Aud.
1149 3741 1300 3807 pobt.
1337 3745 1386 3793 6.

628 3910 694 3961 A.
730 3925 776 3961 c.
844 3912 944 3961 528
989 3908 1147 3962 κεῑςέ
1194 3908 1332 3962 κεῖθ’
1374 3906 1706 3961 zenodotus,
1755 3939 1815 3947 —
1864 3914 1963 3963 537
2008 3909 2107 3962 ἀπ’
2148 3908 2535 3975 ἐπιςςώτρωνι
2581 3910 2771 3964 οὕτως

495 3978 1020 4041 κατὰςυναλοιφὴν
1055 3975 1119 4029 ἑν
1162 3981 1285 4030 ταῖς
1321 3976 1679 4043 Ἀριςτάρχου
1714 3974 2072 4043 Didymus,
2118 3976 2155 4029 i.
2191 3991 2237 4030 e.
2274 3992 2388 4029 non
2424 3977 2540 4030 ἀπὸ
2574 3978 2776 4032 πιςςώ-

496 4061 652 4111 τρων
686 4042 779 4096 vel
814 4044 913 4096 ἀπ’
949 4044 1332 4110 ὸπιςςώτρων,
1371 4042 1513 4096 conf.
1551 4043 1735 4097 Schol.
1772 4046 1820 4097 A
1855 4043 1927 4096 ad
1964 4045 2001 4099 Ε
2037 4049 2135 4097 725
2171 4045 2235 4098 ἐν
2269 4060 2373 4098 τιςι
2408 4061 2495 4111 γρ.
2533 4045 2773 4099 όπίςςω-

493 4128 599 4178 τρα
624 4111 712 4164 διὰ
735 4115 838 4166 τοῦ
872 4117 930 4178 o',
968 4127 1137 4179 quam
1161 4110 1463 4164 lectionem
1487 4112 1717 4165 servant
1738 4111 1787 4163 A
1812 4109 1933 4178 Syr.
1957 4112 2005 4162 Υ
2029 4117 2155 4176 394;
2193 4111 2241 4164 D
2275 4113 2325 4167 Ψ
2348 4118 2473 4176 5053
2510 4111 2559 4163 A
2582 4114 2632 4168 Ψ
2656 4118 2776 4167 519.

496 4178 803 4242 „Quaeram
843 4178 1122 4246 quomodo
1160 4194 1222 4231 er
1262 4194 1293 4231 o
1330 4178 1426 4231 alii
1460 4179 1513 4233 le
1556 4181 1760 4232 erunt?
1797 4178 2026 4232 Scilicet
2046 4179 2303 4233 ἑπιςςοότ
2342 4180 2466 4232 ων“
2500 4178 2775 4247 HeyniuS,

494 4243 660 4296 male.
702 4275 755 4283 —
796 4251 896 4299 538
931 4247 1117 4299 οὕτως
1153 4247 1222 4312 ἀρ
1246 4197 1555 4365 ςταρχοςὲ

497 4310 824 4376 ἀρίςταρχος
859 4314 1013 4379 δουρὶ
1051 4313 1192 4366 κατὰ
1227 4315 1458 4380 δοτικήν
1559 4250 1685 4313 nem
1718 4264 1783 4300 τε
1819 4247 1907 4300 bn&
1941 4250 2045 4300 τοῦ
2090 4264 2153 4301 τε
2188 4246 2267 4299 D¹
2326 4264 2361 4313 y
2375 4263 2530 4304 ¹⁰⁰⁸·
2572 4283 2636 4292 -
2672 4254 2777 4303 53⁹

1552 4313 1838 4382 idymus.
