3144 5006
457 418 539 484 72
1381 412 1712 467 ιΛιΑΔος
1773 412 1837 465 ο.

802 568 1174 652 μαινόμενε,
1221 568 1466 648 φρένας
1509 566 1656 649 ἠλέ,
1703 566 2067 646 διέφθορας.
2114 566 2153 645 ἧ
2198 564 2277 630 νύ
2322 587 2424 630 τοι
2466 564 2678 628 αὔτως

625 672 803 738 οὔατ’
848 670 1160 751 ἀκουέμεν
1205 669 1364 753 ἐςτί,
1409 669 1566 734 νόος
1613 669 1669 732 δ’
1711 668 2018 735 ἀπόλωλε
2061 670 2163 734 καὶ
2207 667 2417 734 αἰδώς.

460 782 582 840 130
627 775 745 839 οὐκ
790 771 946 838 ἀίεις
989 769 1031 836 ἆ
1073 772 1143 836 τέ
1189 791 1340 851 φηςι
1385 772 1501 836 θεὰ
1546 772 1946 836 λευκώλενος
1990 772 2189 853 Ἥρη,

622 879 661 955 ἢ
707 879 783 955 δὴ
830 879 948 940 νῦν
991 876 1125 952 πὰρ
1168 874 1382 951 Ζηνὸς
1427 873 1779 953 Ὀλυμπίου
1823 873 2223 951 εἰλήλουθεν;

625 979 664 1058 ἦ
712 978 950 1043 ἐθέλεις
995 977 1189 1041 αὐτὸς
1233 977 1347 1053 μὲν
1392 974 1760 1052 ἀναπλήςας
1806 977 1967 1041 κακὰ
2011 975 2227 1040 πολλὰ

624 1079 719 1159 ἂψ
765 1079 907 1159 ἴμεν
952 1078 1304 1157 Οὔλυμπον
1349 1079 1420 1141 δὲ
1464 1078 1564 1141 καὶ
1610 1074 1971 1160 ἀχνύμενός
2013 1098 2136 1157 περ
2181 1075 2458 1158 ἀνάγκῃ,

626 1181 828 1259 αὐτάρ
873 1183 1011 1245 τοῖς
1056 1178 1301 1244 ἄλλοιςι
1346 1179 1544 1243 κακὸν
1590 1179 1750 1257 μέγα
1793 1183 1943 1245 πᾶςι
1989 1183 2325 1260 φυτεῦςαι;

462 1289 582 1348 135
626 1283 849 1348 αὐτίκα
890 1283 1013 1361 γὰρ
1059 1282 1287 1360 Τρῶας
1331 1279 1447 1362 μὲν
1494 1282 1901 1361 ὑπερθύμους
1946 1283 2049 1346 καὶ
2093 1280 2385 1361 Ἀχαιοὺς

627 1385 864 1465 λείψει,
910 1385 947 1449 ὃ
994 1384 1050 1449 δ’
1093 1383 1287 1462 ἡμέας
1333 1383 1451 1449 εῖςι
1496 1385 1892 1462 κυδοιμήςων
1938 1385 2004 1449 ἐς
2047 1384 2413 1463 Ὄλυμπον,

627 1488 865 1568 μάρψει
910 1488 966 1552 δ’
1012 1486 1210 1565 ἑξείης
1253 1486 1328 1552 ὅς
1372 1487 1426 1551 τ’
1470 1485 1674 1552 αἴτιος
1718 1486 1792 1551 ὅς
1835 1506 1903 1550 τε
1948 1488 2052 1550 καὶ
2096 1485 2252 1551 οὐκί.

600 1597 726 1679 ,τῶ
772 1590 823 1653 ς’
868 1589 949 1653 αὖ
995 1593 1113 1654 νῦν
1160 1590 1422 1669 κέλομαι
1465 1589 1732 1669 μεθέμεν
1778 1588 1979 1668 χόλον
2025 1587 2163 1652 υἷος
2209 1588 2387 1664 ἑῆος·

628 1693 748 1771 ἤδη
792 1691 914 1770 γάρ
959 1711 1051 1755 τις
1095 1696 1212 1756 τοῦ
1254 1712 1329 1768 γε
1375 1691 1512 1772 βίην
1558 1691 1661 1755 καὶ
1704 1694 1921 1769 χεῖρας
1964 1689 2243 1768 ἀμείνων

466 1799 587 1857 140
631 1794 670 1872 ἢ
715 1794 950 1874 πέφατ’
993 1795 1033 1872 ἢ
1078 1795 1182 1859 καὶ
1225 1793 1446 1858 ἔπειτα
1488 1792 1871 1873 πεφήςεται·
1916 1791 2240 1870 ἀργαλέον
2286 1792 2358 1855 δὲ

628 1895 897 1960 πάντων
942 1895 1308 1976 ἀνθρώπων
1355 1895 1575 1974 ρὓθαι
1619 1896 1851 1974 γενεήν
1895 1916 1965 1959 τε
2009 1894 2204 1959 τόκον
2248 1913 2338 1957 τε.

834 1998 924 2061 ὣς
970 1997 1210 2062 εἰποῦς’
1249 1997 1464 2075 ἵδρυςε
1509 1997 1726 2081 θρόνῳ
1771 1996 1866 2062 ἔνι
1910 2000 2151 2074 θοῦρον
2194 1997 2418 2073 Ἄρηα.

632 2100 796 2178 Ἥρη
843 2100 900 2164 δ’
943 2098 1324 2164 Ἀπόλλωνα
1368 2100 1712 2190 καλέςςατο
1757 2099 2051 2178 δώματος
2097 2099 2277 2163 ἐκτὸς

633 2200 784 2280 Ἶρίν
828 2202 903 2282 θ’,
949 2199 988 2278 ἥ
1034 2220 1103 2265 τε
1148 2203 1342 2265 θεοῖςι
1387 2201 1775 2279 μετάγγελος
1820 2201 2216 2266 ἀθανάτοιςι·

467 2306 585 2364 145
631 2303 731 2367 καί
777 2322 976 2383 ςφεας
1021 2302 1345 2383 φωνήςας’
1387 2302 1550 2367 ἔπεα
1594 2304 1948 2382 πτερόεντα
1992 2303 2348 2382 προςηύδα·

807 2403 974 2469 Ζεὺς
1019 2406 1161 2484 ςφὼ
1207 2402 1295 2469 εἰς
1337 2404 1509 2483 Ἴδην
1555 2406 1754 2471 κέλετ’
1798 2405 2064 2485 ἐλθέμεν
2111 2403 2245 2470 ὅττι
2289 2401 2576 2482 τάχιςτα·

640 2505 843 2585 αὐτὰρ
887 2506 1053 2585 ἐπὴν
1099 2503 1357 2590 ἔλθητε,
1402 2509 1565 2585 Διός
1609 2510 1662 2573 τ’
1707 2508 1795 2574 εἰς
1840 2510 1989 2591 ὧπᾳ
2030 2506 2271 2586 ἰ’δηςθε,

631 2606 868 2686 ἔρδειν,
917 2607 1054 2673 ὅττί
1099 2629 1168 2674 κε
1213 2613 1427 2676 κεῖνος
1471 2610 1798 2694 ἐποτρύνῃ
1843 2611 1946 2675 καὶ
1989 2609 2232 2693 ἀνώγῃ.

599 2774 665 2830 V.
705 2796 751 2829 ι..
826 2783 923 2831 128
971 2779 1297 2843 μαινόμενεε
1353 2780 1602 2844 δαιμόνιε
1653 2778 1741 2832 Et.
1784 2777 1899 2847 Mg.
1946 2783 2028 2842 68,
2075 2782 2157 2835 46.
2205 2777 2294 2835 Et.
2343 2778 2484 2835 Gud.
2532 2784 2614 2842 38,
2662 2782 2748 2834 36.

466 2843 662 2899 Zonar.
698 2842 831 2898 Lex.
871 2850 983 2899 140.
1024 2846 1204 2899 Cram.
1235 2847 1336 2898 An.
1377 2845 1626 2907 Par.1V.
1671 2852 1786 2906 109,
1821 2853 1901 2902 27.
1940 2847 2069 2912 ήλὲ;
2108 2848 2244 2913 ἠλεέ
2278 2845 2345 2899 D.
2382 2854 2431 2899 2.
2468 2861 2616 2898 man.
2654 2844 2750 2897 HL

465 2912 622 2968 Vrat.
661 2912 728 2965 A.
775 2912 921 2966 Flor.
967 2911 1150 2982 Apoll.
1200 2912 1370 2982 Soph.
1419 2921 1503 2978 83,
1539 2920 1621 2967 19.
1671 2913 1851 2967 Schol.
1898 2916 1949 2969 Υ
1994 2920 2078 2967 67.
2132 2917 2168 2979 ἤ
2216 2913 2308 2968 CD
2354 2913 2503 2981 Lips.
2557 2914 2750 2966 αὕτως

465 2978 633 3037 EGH.
671 2983 863 3034 αύτως
900 2983 962 3037 A.
1003 3012 1063 3019 ·-
1106 2987 1202 3036 129
1238 2984 1288 3033 δ’
1323 2981 1504 3036 omitt.
1530 2981 1597 3035 G.
1636 2982 1902 3036 ἀπόλωλε
1940 2984 2031 3035 καὶ
2057 2982 2231 3036 αὐτὸς
2267 2981 2491 3035 Barocc.
2517 2980 2657 3035 Mor.
2684 3009 2751 3020 --

467 3056 564 3104 130
599 3052 653 3115 ἅ,
689 3065 772 3113 τε,
809 3051 945 3115 φηςί
981 3052 1047 3103 A.
1086 3050 1187 3103 ἅτε
1225 3053 1358 3116 φηςί
1396 3049 1535 3104 CDE
1574 3050 1788 3119 (φηςίν)
1827 3048 1989 3104 GHL.
2037 3080 2103 3088 ——
2151 3055 2245 3102 131
2284 3053 2399 3117 ἤδη
2438 3048 2502 3102 Li
2543 3066 2585 3101 s.
2635 3065 2752 3116 παρ

463 3116 632 3174 ADG.
671 3116 986 3183 εἰληλούθει
1011 3114 1070 3169 L.
1109 3147 1174 3155 —
1213 3122 1309 3171 132
1345 3120 1379 3184 ἢ
1408 3116 1613 3171 CDEL.
1648 3118 1715 3185 ἠὲ
1751 3119 1930 3172 θέλεις
1967 3116 2015 3170 G
2039 3117 2185 3170 Flor.
2220 3147 2288 3158 —
2327 3125 2421 3172 133
2458 3135 2488 3171 ο
2529 3119 2752 3180 λυμπον

462 3187 524 3239 δὲ
558 3183 676 3241 AD.
716 3214 778 3223 —
820 3189 918 3237 134
952 3185 1133 3252 αὐτὰρ
1179 3186 1210 3238 ὃ
1255 3191 1376 3239 τοῖς
1425 3184 1472 3237 G
1519 3184 1678 3244 Vrat,
1715 3187 1780 3238 A.
1835 3184 1980 3241 Flor.
2028 3186 2167 3251 μέγα
2211 3189 2370 3252 πῆμα
2406 3184 2459 3242 S.
2494 3185 2557 3238 ἐν
2593 3186 2751 3249 ἄλλῳ

465 3258 624 3320 πῆμα
661 3256 931 3318 φυτεῦςαι
966 3255 1030 3308 Α.
1065 3282 1131 3291 -
1170 3257 1268 3307 135
1302 3258 1492 3321 τρῷας
1528 3250 1589 3307 L.
1626 3283 1691 3291 —-
1741 3260 1837 3307 136
1873 3254 1904 3306 ὃ
1941 3255 1992 3305 δ’
2025 3252 2141 3307 AD.
2187 3255 2271 3306 ὅδ’
2307 3250 2514 3307 CGHL.
2563 3252 2642 3305 εἰς
2680 3250 2749 3303 Η.

468 3323 788 3386 έςόλυμπον
812 3320 878 3374 A.
905 3349 972 3358 —
1010 3325 1104 3373 137
1142 3321 1319 3388 ἑξείης
1357 3319 1424 3375 G.
1449 3349 1515 3360 —-
1554 3327 1652 3376 138
1687 3325 1772 3375 τῶ
1809 3319 2032 3375 ACDH:
2069 3326 2154 3389 τῷ
2194 3319 2302 3374 GL.
2342 3322 2470 3387 ἑῆος
2506 3318 2751 3373 ACDGL

467 3455 652 3510 Schol.
697 3455 743 3508 Ω
778 3459 896 3508 5-28.
943 3393 1058 3509 2221}
1093 3454 1158 3509 H.
1207 3473 1290 3522 γρ.
1344 3458 1459 3510 ἑοῖο
1496 3456 1559 3514 L.
1610 3488 1671 3496 —
1724 3462 1821 3510 139
1856 3461 1958 3511 τοῦ
1994 3473 2061 3522 γε
2105 3456 2197 3510 AL
2243 3454 2455 3514 Townl.
2491 3454 2650 3507 vrat.
2688 3453 2751 3507 b:
2822 3456 2831 3463 '

465 3527 635 3579 τοῦδε
672 3521 938 3577 CDEGH.
977 3558 1043 3566 --
1090 3529 1187 3577 140
1222 3525 1566 3588 πεφάςςεται
1604 3523 1640 3578 S
1678 3524 1805 3578 Van.
1855 3554 1916 3563 —
1968 3531 2061 3577 141
2101 3525 2292 3591 ῥύςθαι
2326 3523 2393 3580 D.
2436 3559 2497 3569 --
2540 3529 2633 3575 142
2668 3524 2753 3576 ἔνι

466 3589 909 3646 ΑΟΕῦΗΒε“ἑνὶ
945 3589 1013 3644 D.
1038 3620 1105 3630 -
1143 3599 1240 3645 144
1276 3594 1328 3646 θ’
1363 3607 1585 3645 erasum
1620 3591 1679 3644 in
1714 3590 1775 3649 L.
1813 3594 1935 3658 μετ’
1971 3594 2208 3657 ἄγγελος
2233 3590 2410 3645 ACLS
2436 3590 2570 3644 Mor.
2593 3590 2750 3648 vrass.

385 3720 394 3725 ,
469 3662 522 3714 b.
561 3662 723 3725 srgm.
763 3658 931 3713 Mose.
971 3658 1314 3724 μετάγγελος
1351 3658 1571 3718 DEGH.
1610 3661 1660 3714 εἰ
1694 3662 1755 3713 δέ
1799 3661 2074 3727 γράφεται
2120 3665 2288 3713 θεοῑςι
2326 3661 2448 3724 μέτ’
2490 3659 2752 3723 ἄγγελος,

467 3730 572 3782 οὐκ
607 3729 678 3780 ἂν
714 3728 801 3793 εἴη
837 3728 1074 3794 ἀπῳδόν
1109 3726 1261 3781 Eust.
1303 3734 1448 3789 1009,
1486 3735 1567 3781 51.
1605 3729 1924 3782 ἀθανάτοιςι
1958 3726 2177 3780 ACDG.
2216 3757 2279 3765 —
2333 3734 2425 3781 145
2462 3729 2753 3793 προςηῦδα

468 3795 536 3849 D.
573 3825 637 3834 —
682 3802 775 3850 146
813 3794 1020 3861 είςῖδην
1054 3795 1120 3852 A.
1166 3798 1387 3850 κέλεται
1423 3794 1480 3848 L.
1519 3796 1704 3849 ἐλθεῖν
1738 3794 1840 3852 Es,
1878 3827 1939 3835 —
1992 3800 2085 3848 147
2122 3798 2175 3847 τ’
2221 3795 2403 3852 omitt.
2439 3793 2499 3850 L.
2538 3794 2753 3848 είςῶπα

468 3863 585 3917 AD.
627 3863 832 3918 ἰδὲςθαι
866 3861 923 3915 L.
966 3864 1145 3917 ῖδεςθε
1181 3862 1246 3915 Li
1287 3880 1330 3920 ε.
1367 3893 1430 3901 -
1473 3869 1567 3916 148
1604 3864 1785 3930 ἕρδειν
1821 3862 1933 3915 HL.
1973 3863 2097 3916 ὅττί
2134 3864 2198 3914 A.
2237 3864 2290 3928 ὅ,
2324 3879 2414 3915 ττι
2453 3860 2521 3915 G.
2560 3864 2649 3914 ὅτι
2686 3860 2754 3918 D.

468 3934 520 3984 κ’
556 3933 771 3986 ἐκεῖνος
808 3929 845 3984 S
881 3929 1013 3986 Vat.
1053 3930 1211 3985 Vrat..
1294 3972 1306 3985 .
1361 3932 1619 3986 κάκεῖνος
1655 3929 1722 3986 D.
1771 3931 2071 3999 ἐποτρύνει
2115 3933 2206 3985 καὶ
2242 3933 2453 3996 ἀνώγει
2498 3927 2588 3982 DS
2625 3928 2753 3982 Vat.

473 3998 631 4053 Vrat.
668 3998 723 4052 b.
761 4000 972 4062 ἀνώγει
1007 3997 1077 4059 Η,
1117 4000 1216 4053 sed
1253 4000 1557 4067 ἐποτρύνῃ.

605 4151 669 4206 A.
708 4168 754 4204 e.
832 4157 928 4205 134
983 4151 1160 4205 κακὸν
1206 4153 1347 4217 μέγα
1392 4155 1523 4206 πᾶςι
1567 4149 1998 4220 Aristophanes:
2056 4150 2370 4205 Zenodotus
2414 4155 2564 4204 θεοῖς
2614 4151 2756 4215 μέγα

471 4223 647 4283 πῆμα.
676 4249 738 4256 -
767 4223 864 4272 138
902 4220 1058 4284 ἑῆοςτ
1099 4219 1217 4273 ἑοῖο
1241 4218 1577 4273 Zenodotus.
1604 4248 1672 4259 —
1710 4226 1805 4274 139
1830 4225 1933 4273 τοῦ
1959 4236 2051 4285 γει
2089 4220 2398 4287 Ζηνόδοτος
2424 4220 2514 4272 καὶ
2539 4218 2755 4285 ἀριςτο-

470 4286 860 4405 (θρὲτιὲηςὸἔὲίέἰιε
874 4284 1241 4406 ADidymus·
1267 4316 1331 4325 -—
1371 4292 1484 4353 147,
1526 4293 1621 4342 148
1647 4288 1998 4342 ἀθετοῦνται.
2037 4289 2128 4341 καὶ
2163 4287 2539 4355 ἀριςτοφάνης
2576 4302 2755 4353 προη-
