3144 5006
439 375 570 440 332
1366 378 1461 431 ιΛι
1478 376 1685 431 ΑΔος
1702 339 1799 440 Ἀ

605 535 736 596 τῶν
781 529 1122 609 προτέρων
1167 530 1386 611 ἐτέων,
1430 531 1589 595 κατὰ
1632 530 1689 594 δ’
1730 528 1991 595 ἔκταθεν
2037 530 2210 597 ὅςςοι
2256 513 2514 609 ἀριςτοι.

607 632 858 697 δώδεκα
901 631 1024 710 γὰρ
1073 632 1323 711 Νηλῆος
1369 631 1699 712 ἀμύμονος
1744 631 1907 698 υἱέες
1950 632 2143 712 ἦμεν·

610 740 742 802 τῶν
791 731 934 798 οἶος
980 733 1273 815 λιπόμην,
1320 731 1380 796 οἱ
1422 732 1479 796 δ’
1522 730 1709 797 ἄλλοι
1753 734 1988 799 πάντες
2034 732 2293 800 ὄλοντο.

605 836 782 900 ταῦθ’
825 833 1388 914 ὑπερηφανέοντες
1434 834 1671 902 Ἐπειοὶ
1711 835 2202 918 χαλκοχίτωνες,

407 943 557 1002 ’695
603 937 798 1015 ἡμέας
843 935 1240 1017 ὑβρίζοντες,
1284 935 1607 999 ἀτάςθαλα
1650 937 2091 1015 μηχανόωντο.

606 1039 675 1101 ἐκ
720 1038 776 1102 δ’
820 1038 857 1101 ὁ
901 1037 1110 1115 γέρων
1156 1035 1396 1115 ἀγέλην
1440 1057 1506 1101 τε
1555 1041 1732 1116 βοῶν
1780 1038 1876 1101 καὶ
1922 1041 2067 1101 πῶυ
2111 1039 2247 1116 μέγ’
2292 1038 2450 1103 οἰῶν

605 1140 813 1208 εἵλετο
859 1137 1233 1218 κρινάμενος
1277 1138 1574 1218 τριηκόςι’
1617 1137 1731 1215 ἠδὲ
1775 1143 2034 1217 νομῆας.

604 1243 705 1305 καὶ
748 1241 871 1319 γὰρ
915 1246 1005 1323 τῷ
1051 1243 1267 1318 χρεῖος
1313 1240 1450 1320 μέγ’
1493 1240 1774 1321 ὀφείλετ’
1818 1241 1888 1305 ἐν
1932 1242 2141 1307 Ἤλιδι
2187 1242 2311 1326 δίῃ,

604 1343 894 1421 τέςςαρες
939 1342 1303 1422 ἀθλοφόροι
1344 1340 1530 1406 ἵπποι
1577 1343 1860 1407 αὐτοῑςιν
1905 1341 2173 1425 ὄχεςφιν

441 1453 565 1509 700
608 1431 905 1509 ἐλθόντες
950 1443 1081 1522 μετ’
1124 1443 1337 1507 ἄεθλα.
1411 1446 1557 1522 περὶ
1600 1444 1905 1522 τρίποδος
1948 1446 2073 1523 γὰρ
2118 1434 2413 1524 ἔμελλον

602 1545 955 1612 θεύςεςθαι·
1000 1546 1154 1609 τοὺς
1198 1545 1254 1608 δ’
1297 1545 1440 1609 αὖθι
1487 1545 1646 1612 ἄναξ
1690 1535 1950 1624 ἀνδρῶν
1994 1546 2259 1622 Αὐγείας

600 1646 896 1729 κάςχεθε,
940 1648 1055 1711 τὸν
1101 1646 1157 1709 δ’
1200 1647 1452 1725 ἐλατῆρ’
1495 1648 1671 1727 ἀφίει
1715 1648 2119 1729 ἀκαχήμενον
2162 1649 2402 1713 ἵππων.

600 1753 735 1814 τῶν
780 1746 818 1812 ὁ
863 1748 1075 1826 γέρων
1120 1747 1333 1813 ἐπέων
1378 1750 1822 1827 κεχολωμένος
1867 1751 1980 1828 ἠδὲ
2025 1752 2128 1815 καὶ
2170 1750 2405 1829 ἔργων’

600 1850 828 1917 ἐξέλετ’
872 1847 1110 1914 ἄςπετα
1153 1849 1398 1914 πολλά·
1445 1851 1524 1914 τὰ
1568 1850 1625 1913 δ’
1668 1849 1809 1915 ἄλλ’
1855 1851 1921 1916 ἐς
1967 1856 2171 1930 δῆμον
2216 1850 2417 1916 ἔδωκε

434 1958 554 2017 705
600 1951 969 2033 δαιτρεύειν,
1014 1952 1095 2030 μή
1140 1951 1232 2016 τίς
1277 1949 1339 2014 οἱ
1382 1949 1811 2031 ἀτεμβόμενος
1855 1952 1976 2018 κίοι
2020 1952 2169 2033 ἴςης.

597 2055 773 2134 ἡμεῖς
819 2055 934 2134 μὲν
980 2053 1057 2116 τὰ
1103 2053 1329 2116 ἕκαςτα
1371 2053 1720 2135 διείπομεν,
1766 2053 1927 2134 ἀμφί
1970 2075 2038 2119 τε
2083 2053 2234 2119 ἄςτυ

601 2157 871 2234 ἕρδομεν
918 2154 1025 2231 ἱρὰ
1068 2157 1266 2218 θεοῖς·
1312 2155 1377 2217 οἳ
1421 2155 1491 2218 δὲ
1536 2155 1727 2238 τρίτῳ
1770 2155 1954 2234 ἤματι
2000 2155 2236 2221 πάντες

599 2258 798 2335 ἦλθον
844 2254 1017 2331 ὁμῶς
1061 2255 1243 2319 αὐτοί
1288 2276 1356 2320 τε
1400 2258 1624 2320 πολεῖς
1668 2257 1770 2324 καὶ
1814 2257 2105 2336 μώνυχες
2145 2257 2336 2322 ἵπποι

597 2355 938 2437 πανευδίῃ·
985 2358 1140 2434 μετὰ
1184 2356 1256 2419 δέ
1301 2377 1409 2436 ςφι
1456 2358 1743 2422 Μολίονε
1788 2358 2190 2437 θωρήςςοντο
2244 2415 2251 2422 .

433 2465 557 2524 710
600 2458 774 2524 παῖδ’
817 2457 904 2522 ἔτ’
948 2457 1136 2540 ἐόντ’,
1186 2457 1263 2523 οὔ
1308 2450 1412 2523 πω
1457 2458 1626 2538 μάλα
1671 2458 1874 2539 εἰδότε
1919 2459 2220 2539 θούριδος
2265 2461 2479 2540 ἀλκῆς.

596 2560 723 2626 ἔςτι
768 2561 838 2624 δέ
882 2580 972 2624 τις
1021 2560 1343 2639 Θρυόεςςα
1385 2561 1607 2644 πόλις,
1656 2560 1872 2626 αἰπεῖα
1914 2563 2192 2646 κολώνη,

513 2714 517 2718 .
595 2665 793 2742 τηλοῦ
839 2661 938 2753 ἐπ’
982 2662 1274 2746 Ἀλφειῷ,
1319 2663 1511 2742 νεάτη
1554 2663 1784 2728 Πύλου
1828 2663 2250 2742 ἠμαθόεντος·

597 2766 712 2844 τήν
758 2763 1334 2843 ἀμφεςτρατόωντο
1380 2764 1730 2845 διαῤῥαῑςαι
1774 2773 2113 2846 μεμαῶτες.

429 2898 476 2904 -ῃ
505 2894 832 2903 -—--——-

528 2949 630 3004 ‘V.
670 2968 717 3003 1..
771 2954 867 3002 691
908 2964 1049 3002 κατα
1086 2947 1196 3001 CD.
1240 2949 1477 3003 ἔκταθεν
1518 2948 1768 3004 ACDGS.
1813 2952 1874 3003 δὲ
1917 2948 2123 3004 κτάθεν
2166 2948 2319 3002 Harl.
2366 2916 2604 3005 ἔκταθεν
2640 2950 2706 3003 H.

379 3074 384 3079 ,
428 3021 665 3073 ἔκτανεν
701 3016 744 3069 L
781 3016 936 3070 Vrat.
972 3020 1037 3070 A.
1073 3016 1232 3069 Rom.
1270 3019 1506 3070 ἔκταθεν
1541 3019 1578 3084 ἢ
1616 3019 1853 3072 ἔκτανεν
1876 3017 2028 3070 Eust.
2054 3022 2170 3083 874,
2198 3023 2289 3083 23;
2328 3021 2444 3082 879,
2472 3024 2555 3073 26.
2590 3020 2706 3074 ὅςοι

426 3119 495 3174 D.
533 3148 596 3158 --
632 3124 729 3172 692
766 3098 1054 3184 ἀμύμονὲἕ
1079 3116 1138 3169 L.
1178 3118 1459 3182 ἀμύμονες
1497 3117 1571 3172 H:
1610 3119 1783 3173 ceteri
1819 3120 2102 3182 ἀμύμονος
2138 3135 2266 3172 cum
2293 3117 2449 3172 Cant.
2478 3118 2703 3172 Baroee.

427 3186 564 3240 Mor.
603 3185 782 3239 Schol.
822 3189 852 3238 λ
890 3189 1004 3238 286.
1044 3184 1224 3238 801101.
1264 3185 1444 3253 Apoll.
1483 3186 1660 3240 Rhod.
1700 3186 1740 3250 I,
1782 3193 1892 3240 152.
1939 3185 2055 3239 υἷες
2090 3186 2133 3240 L
2172 3185 2353 3243 801101.
2390 3191 2421 3239 λ
2457 3192 2574 3243 286.
2611 3189 2704 3241 ὕες

427 3253 491 3307 H.
528 3282 596 3292 —-
631 3258 731 3307 694
765 3253 1177 3352 χαλκοχίτωνες
1215 3254 1281 3304 A.
1321 3282 1388 3293 —-
1432 3259 1531 3307 695
1566 3255 1740 3321 ὑμέας
1777 3253 1840 3308 G.
1889 3256 2288 3322 μηχανόωνται
2324 3253 2503 3307 801101.
2547 3256 2585 3308 Κ
2623 3260 2704 3307 68.

424 3384 490 3393 -
527 3360 626 3408 696
661 3356 726 3408 τὲ
764 3353 820 3408 C.
858 3383 923 3392 —
958 3359 1056 3407 697
1092 3356 1376 3419 τριακόςια
1416 3353 1480 3407 G.
1527 3386 1571 3391 a·
1618 3359 1718 3408 698
1752 3356 1824 3408 τὸ
1859 3360 2040 3421 χρεῖος
2065 3353 2123 3407 L.
2158 3356 2288 3421 γαίῃ
2314 3353 2355 3406 L
2390 3355 2452 3408 et
2482 3372 2571 3421 γρ.
2598 3356 2704 3422 δῒη.

426 3452 487 3462 -
529 3428 627 3476 700
664 3422 941 3485 μετάεθλα
966 3421 1034 3473 D.
1071 3421 1340 3487 τρίποδας
1365 3421 1417 3475 8.
1456 3452 1521 3460 -
1557 3428 1655 3475 702
1692 3425 1923 3489 κάχεςθε
1947 3421 2013 3475 Η.
2038 3420 2177 3489 ἀφίη
2205 3420 2270 3474 G.
2306 3451 2365 3460 -
2404 3428 2501 3476 704
2525 3424 2702 3477 ἔδωκε

385 3522 396 3529 ·
426 3488 688 3544 ACEGH.
728 3519 786 3528 -
827 3496 924 3543 705
962 3490 1036 3555 μή
1073 3489 1156 3542 τίς
1193 3489 1247 3543 οἱ
1281 3488 1403 3542 AE:
1441 3490 1616 3543 ceteri
1652 3492 1814 3557 μήτις
1851 3490 1919 3546 οἱ.
1964 3519 2015 3527 -
2057 3495 2156 3543 706
2190 3490 2332 3554 ἀμφὶ
2369 3491 2430 3543 δὲ
2464 3490 2514 3542 A
2551 3489 2703 3543 Harl.

425 3559 567 3625 ἀμφι
603 3560 663 3612 δὲ
698 3556 764 3609 D.
800 3557 1033 3621 ἀμφί·τ’
1068 3553 1131 3607 G.
1175 3573 1211 3621 γ
1250 3596 1261 3609 .
1307 3557 1449 3623 ἀμφί
1485 3575 1546 3611 τε
1582 3558 1719 3612 ἄςτυ
1755 3558 1821 3610 A.
1870 3586 1932 3595 ·-
1980 3563 2076 3610 707
2114 3558 2348 3624 ἕρδομεν
2384 3556 2424 3611 C
2461 3563 2510 3610 2.
2557 3574 2702 3611 man.

425 3626 469 3679 E
503 3626 606 3682 bie.
643 3626 764 3692 ἱερὰ
799 3623 966 3678 EGH.
1011 3628 1181 3701 θεοῑςι
1212 3573 1384 3678 1)).οἳ
1417 3627 1477 3678 δὲ
1516 3624 1571 3678 C.
1609 3655 1675 3663 —
1719 3632 1817 3678 709
1854 3627 2116 3691 παςςυδίῃ
2155 3622 2320 3676 EGL:
2358 3624 2531 3679 ceteri
2566 3642 2703 3679 παν-

427 3695 581 3763 ςυδίῃ
618 3710 744 3747 eum
783 3691 941 3746 Cant.
975 3691 1122 3761 L1ps.
1162 3708 1302 3756 μετα
1340 3690 1404 3743 D.
1445 3693 1690 3757 μολίωνε
1728 3691 1838 3745 CD.
1885 3692 2102 3757 μολίον’
2135 3692 2521 3758 ἑθωρὴςςοντο
2558 3691 2700 3760 Lips.

426 3826 489 3837 —
527 3802 628 3849 710
663 3794 788 3848 ὄντ’
808 3792 867 3845 L.
898 3828 954 3836 —
985 3798 1076 3845 711
1118 3795 1230 3847 ἔςτι
1265 3793 1326 3845 δέ
1351 3777 1413 3847 τί
1437 3794 1705 3860 θρυόεςςα
1725 3792 1790 3845 D.
1816 3823 1876 3831 -
1906 3798 2002 3845 712
2030 3794 2342 3857 ἐπαλφειῶι
2368 3792 2432 3844 D.
2465 3793 2701 3858 ἀλφειοῡ

426 3863 472 3915 G
511 3862 733 3919 Barocc.
772 3860 952 3914 Schol.
996 3864 1007 3915 Ι
1055 3866 1162 3915 153.
1199 3862 1372 3930 νεάτῃ
1399 3860 1476 3914 Η.
1513 3863 1742 3928 πυμάτη
1781 3859 1980 3915 Strabo
2006 3859 2153 3925 VIII,
2188 3865 2302 3913 349.
2344 3888 2405 3898 -
2443 3865 2539 3914 713
2564 3861 2703 3925 ἀμφ’

425 3931 817 3997 ἐςτρατόωντο
853 3928 952 3982 ΑΗ
989 3927 1146 3983 Vrat.
1182 3928 1235 3981 b.
1272 3930 1546 3997 διαῤῥέςαι
1582 3928 1640 3982 L.

558 4098 626 4152 A.
661 4115 707 4151 0.
771 4102 872 4150 694
908 4099 1136 4153 Ἐπειοίε
1175 4099 1274 4153 ὅτε
1320 4100 1384 4153 ἔν
1428 4115 1532 4153 τιςι
1575 4098 1851 4164 γράφεται
1901 4096 2108 4163 Ἀχαιοί
2151 4095 2601 4149 Aristonicus.
2637 4126 2705 4136 —

423 4169 523 4218 699
559 4166 944 4219 ὑποπτεύεται
980 4166 1057 4219 ὡς
1095 4166 1266 4219 νόθον
1302 4165 1488 4219 801101.
1527 4165 1669 4220 BLV
1706 4165 1778 4218 ad
1814 4167 1858 4219 Θ
1904 4171 2009 4219 185.
2053 4196 2107 4203 *-
2152 4171 2249 4218 705
2286 4164 2603 4231 μετάκειται
2640 4166 2702 4217 ἑκ

424 4236 546 4306 τῷν
570 4234 630 4284 ἐν
656 4232 937 4301 Ὀδυςςείᾳ
964 4236 1002 4300 (ι
1027 4235 1114 4300 42)
1141 4236 1469 4298 λεγομένων
1492 4232 1945 4288 Aristonicus,
2004 4236 2034 4289 Ζ
2075 4234 2307 4287 νόδοτος
2333 4232 2466 4286 οὐδὲ
2490 4233 2704 4301 ἔγραφε

429 4295 764 4363 D1dymuS.
800 4324 870 4340 —
906 4305 1003 4353 709
1039 4302 1311 4372 πανςυδίῃ
1350 4301 1725 4367 Aristan-ohne,
1763 4302 1906 4356 conf.
1942 4300 2011 4357 H.
2096 4340 2109 4355 .
2145 4306 2260 4359 394.
