3144 5006
1237 429 1568 488 ΙΛΙΑΔΟ(
1613 427 1688 483 11.
1743 495 1750 499 ,
2518 426 2601 491 67

494 588 684 651 πᾶςαι
720 585 798 669 ι,δ’
843 584 1159 660 ὠίγνυντο
1203 583 1427 660 πύλαι,
1475 583 1546 647 ἐκ
1591 582 1661 647 δ’
1704 566 1923 646 ἔςςυτό
1970 580 2154 657 λαός,

331 696 456 753 810
494 687 674 755 πεζοί
718 686 787 751 θ’
828 686 1062 765 ἱππῆές
1105 704 1204 751 τε·
1249 687 1461 750 πολὺς
1505 686 1574 750 δ’
1617 683 1984 763 ὀρυμαγδὸς
2027 681 2280 761 ὀρώρει.

661 788 790 853 ἔςτι
833 789 905 852 δέ
948 810 1041 854 τις
1084 787 1485 867 προπάροιθε
1530 788 1760 852 πόλιος
1804 784 2017 850 αἰπεῖα
2059 784 2350 862 κολώνη,

494 892 566 957 ἐν
607 890 811 973 πεδίῳ
855 890 1209 965 ἀπάνευθε,
1256 888 1643 969 περίδρομος
1686 886 1844 954 ἔνθα
1887 888 1988 953 καὶ
2031 884 2215 963 ἔνθα,

494 994 611 1072 τὴν
652 993 694 1071 ἦ
738 1012 839 1057 τοι
882 992 1114 1071 ἄνδρες
1158 991 1446 1058 Βατίειαν
1493 989 1968 1074 κικλήςκουςιν,

496 1095 804 1161 ἀθάνατοι
847 1095 921 1159 δέ
963 1114 1032 1159 τε
1077 1097 1240 1174 ςῆμα
1281 1092 1796 1172 πολυςκάρθμοιο
1843 1091 2127 1171 Μυρίνης
2147 1110 2161 1126 ·

335 1201 454 1259 815
496 1196 651 1261 ἔνθα
693 1196 839 1261 τότε
882 1196 1102 1275 Τρῶές
1146 1215 1216 1259 τε
1261 1195 1570 1275 διέκριθεν
1614 1193 1726 1272 ἠδ’
1768 1193 2114 1272 ἐπίκουροι.

664 1299 869 1379 Τρωςὶ
911 1298 1028 1377 μὲν
1073 1297 1422 1377 ἡγεμόνευε
1465 1298 1659 1375 μέγας
1702 1295 2122 1376 κορυθαίολος
2166 1297 2416 1376 Ἕκτωρ

494 1390 872 1480 Πριαμίδης·
920 1399 1048 1478 ἅμα
1090 1407 1183 1484 τῷ
1227 1420 1300 1475 γε
1344 1398 1514 1463 πολὺ
1559 1401 1845 1465 πλεῑςτοι
1889 1398 1989 1463 καὶ
2031 1396 2274 1478 ἄριςτοι

498 1504 644 1566 λαοὶ
686 1503 1093 1581 θωρήςςοντο
1136 1500 1445 1581 μεμαότες
1489 1499 1778 1585 ἑγχείῃςι.

661 1603 1055 1683 Δαρδανίων
1099 1600 1247 1668 αὖτ’
1290 1603 1487 1682 ἦρχεν
1535 1601 1642 1667 ἐὺς
1685 1602 1833 1667 πάις
1879 1601 2202 1684 Ἀγχίςαο,

337 1710 457 1769 820
497 1704 742 1770 Αἰνείας
757 1755 777 1789 ,
820 1705 938 1771 τὸν
983 1704 1102 1769 ὑπ’
1146 1705 1392 1789 Ἀγχίςῃ
1435 1704 1578 1768 τέκε
1622 1704 1716 1767 δῖ’
1760 1703 2136 1784 Ἀφροδίτη,

498 1808 660 1886 Ἴδης
703 1808 774 1871 ἐν
820 1810 1103 1887 κνημοῖςι
1146 1807 1263 1872 θεὰ
1307 1810 1518 1889 βροτῷ
1564 1805 1929 1888 εὐνηθεῖςα,

499 1908 616 1975 οὐκ
659 1907 831 1986 οἶος,
876 1909 1005 1988 ἅμα
1044 1915 1141 1994 τῷ
1186 1930 1258 1985 γε
1303 1910 1439 1974 δύω
1483 1908 1875 1987 Ἀντήνορος
1919 1905 2045 1991 υἷε,

499 2009 880 2091 Ἀρχέλοχός
920 2012 987 2076 τ’
1030 2012 1299 2091 Ἀκάμας
1342 2031 1443 2091 τε,
1490 2010 1694 2091 μάχης
1740 2008 1813 2074 εὖ
1858 2008 2064 2073 εἰδότε
2109 2006 2326 2087 πάςης.

666 2113 731 2176 οἳ
776 2115 847 2177 δὲ
892 2113 1163 2178 Ζέλειαν
1208 2111 1428 2179 ἔναιον
1474 2112 1633 2177 ύπαὶ
1674 2111 1848 2177 πόδα
1891 2110 2148 2178 νείατον
2191 2110 2385 2190 Ἴδης,

343 2217 457 2276 825
500 2201 803 2296 ἀφνειοί,
835 2213 1133 2280 πίνοντες
1180 2214 1352 2295 ὕδωρ
1397 2214 1600 2295 μέλαν
1641 2213 1977 2291 Αἰςήποιο,

499 2314 743 2394 Τρῶες,
789 2323 920 2381 τῶν
966 2316 1117 2381 αὖτ’
1161 2317 1317 2397 ἦρχε
1360 2316 1692 2382 Λυκάονος
1736 2313 1981 2391 ἀγλαὸς
2024 2312 2192 2392 υἱός,
2387 2388 2392 2394 ,

499 2415 877 2500 Πάνδαρος,
923 2419 978 2503 ᾧ
1024 2419 1125 2483 καὶ
1167 2419 1359 2486 τόξον
1404 2414 1741 2483 Ἀπόλλων
1786 2416 1979 2481 αὐτὸς
2024 2416 2281 2482 ἔδωκεν.

669 2520 736 2584 οἳ
780 2521 848 2583 δ’
892 2521 1295 2601 Ἀδρήςτειάν
1339 2522 1405 2584 τ’
1449 2519 1634 2600 εἶχον
1677 2522 1782 2585 καὶ
1825 2522 2030 2600 δῆμον
2076 2519 2412 2603 Ἀπαιςοῦ,
2562 2572 2571 2581 .

499 2623 602 2684 καὶ
642 2622 945 2688 Πιτύειαν
987 2622 1144 2701 ἔχον
1188 2623 1291 2687 καὶ
1334 2622 1598 2702 Τηρείης
1642 2620 1799 2702 ὄρος
1848 2620 2034 2701 αἰπύ,
2437 2627 2444 2632 “

344 2725 462 2785 830
501 2727 631 2788 τῶν
676 2722 828 2802 ἦρχ’
869 2724 1214 2803 Ἄδρηςτός
1256 2744 1325 2789 τε
1370 2725 1470 2788 καὶ
1511 2725 1788 2805 Ἄμφιος
1834 2723 2220 2807 λινοθώρηξ,

502 2821 599 2888 υἷε
644 2824 781 2888 δύω
827 2826 1137 2904 Μέροπος
1178 2826 1587 2909 Περκωςίου,
1631 2826 1706 2891 ὃς
1750 2826 1897 2904 περὶ
1939 2823 2205 2890 πάντων

470 2991 536 3046 V.
572 3011 623 3047 1..
676 2998 778 3047 810
822 2994 1138 3061 ὁρυγμαδὸς
1188 2992 1380 3048 CGHL
1437 2999 1482 3047 1.
1525 3009 1672 3048 man.
1721 3023 1788 3032 —
1832 2996 1927 3045 811
1978 2994 2177 3047 πόλιος
2229 2994 2611 3060 προπάροιθεν

342 3059 520 3128 Apoll.
559 3059 692 3113 Lex.
732 3066 845 3127 102,
880 3068 930 3127 3,
965 3061 1117 3115 unde
1153 3061 1388 3116 Bothius
1422 3063 1622 3116 πόλιος
1657 3061 1996 3129 προπάροιθ’
2032 3059 2228 3116 edidit.
2268 3062 2487 3127 πόληος
2524 3060 2613 3114 Er.
2667 3109 2673 3118 .

341 3133 386 3181 2.
418 3144 564 3184 man.
606 3161 675 3171 —
709 3135 811 3184 813
845 3130 881 3194 ἦ
918 3147 1035 3184 ‘rotz
1081 3128 1211 3188 libri
1257 3132 1400 3195 ἦτοι.
1436 3160 1501 3168 -—-
1546 3135 1650 3183 814
1694 3130 1788 3184 Μυ
1829 3128 1984 3196 ίννης
2020 3127 2064 3181 Ε
2100 3133 2217 3194 350,
2255 3135 2344 3181 41·
2390 3135 2482 3195 44,
2519 3134 2611 3194 453

341 3201 449 3262 351,
485 3202 575 3261 20;
615 3203 697 3250 25.
742 3226 808 3235 -
854 3201 956 3250 815
989 3203 1172 3266 τρῷες
1208 3195 1274 3250 G.
1319 3227 1386 3236 —
1430 3202 1530 3250 816
1566 3199 1739 3264 τρψςὶ
1822 3242 1834 3254 .
1889 3198 2258 3264 κορυθαιόλος
2292 3169 2345 3250 ΕΡ
2374 3202 2492 3261 352,
2529 3204 2612 3251 21.

340 3291 398 3302 -
433 3270 533 3318 818
691 3270 871 3318 αῶτες
907 3262 1003 3318 CH
1037 3265 1185 3330 ἐγχεῖ
1227 3281 1275 3318 ςι
1308 3262 1479 3317 AGG.
1516 3294 1580 3303 --
1624 3268 1725 3318 819
1760 3266 1813 3317 τ’
1849 3266 1919 3318 αὖ
1960 3267 2130 3332 ἦρχεν
2165 3264 2224 3317 L.
2263 3267 2395 3320 πάϊς
2433 3263 2612 3319 CGLS

343 3327 537 3385 Strabo
570 3281 723 3396 ffifl,
760 3337 884 3395 5853
921 3338 1037 3386 592.
1074 3333 1198 3402 Apo
1245 3373 1257 3386 .
1293 3331 1423 3386 Lex.
1463 3337 1545 3398 79,
1584 3337 1667 3385 24.
1703 3336 1835 3387 πᾶἷς
1870 3331 1937 3386 H.
1975 3338 2107 3387 παῖς
2141 3333 2207 3390 Α.
2242 3364 2308 3373 -
2344 3339 2446 3388 820
2479 3336 2614 3388 τὸνι

341 3401 405 3451 ὃν
436 3398 496 3451 Ε.
533 3429 598 3438 -
645 3405 744 3455 821
782 3401 1037 3466 κνήμαιςι
1074 3398 1139 3453 G.
1185 3430 1248 3440 —-
1295 3407 1395 3454 824
1431 3401 1485 3454 οἱ
1518 3399 1629 3453 AC.
1674 3429 1739 3439 —-
1786 3405 1886 3454 826
1921 3406 2102 3469 τρῷες
2140 3398 2248 3454 GL.
2294 3406 2416 3455 τῶν
2450 3404 2504 3455 τ’
2539 3403 2613 3457 αὖ

342 3465 488 3524 Vrat.
526 3469 593 3521 A.
617 3497 684 3506 —-
708 3472 810 3521 828
844 3469 898 3521 οἱ
922 3468 988 3521 Α.
1024 3468 1132 3522 οἵδ’
1166 3469 1237 3538 ἂρ
1274 3468 1634 3537 Ἀδρήςτειάν
1658 3467 1710 3519 Η
1746 3467 1931 3525 Schol.
1969 3468 2154 3537 Apoll.
2177 3467 2358 3522 Rhod.
2390 3468 2433 3534 Ι,
2465 3476 2611 3523 1116.

338 3535 660 3602 meram·
697 3536 855 3602 εἶχον
890 3533 955 3588 G.
1000 3566 1061 3574 —
1110 3541 1212 3590 829
1249 3537 1456 3590 πίτυαν
1502 3537 1640 3602 ἔχον
1678 3534 1741 3589 G.
1777 3537 1983 3590 πιτύαν
2030 3537 2188 3603 εἶχον
2224 3536 2426 3590 Strabo
2462 3536 2612 3602 XIII,

338 3608 448 3659 587.
485 3621 555 3658 τυ
593 3603 720 3724 ein&
751 3601 861 3655 GL.
900 3633 983 3724 -A
1000 3607 1103 3658 830
1136 3606 1409 3671 ἄδραςτός
1446 3602 1511 3659 G.
1555 3606 1863 3672 ἅνδρηςτος
1901 3603 1956 3657 S.
2006 3635 2065 3643 —
2116 3610 2211 3659 831
2252 3606 2612 3674 Περκωςίουι

338 3687 462 3739 κερκ
563 3689 634 3726 ου
723 3711 737 3724 .
772 3687 900 3738 περι
988 3711 1000 3723 .

346 3779 497 3787 ’,ο-.-

464 3827 527 3879 Δ.
566 3842 617 3879 ο.
674 3829 774 3879 811
812 3825 997 3877 οὕτως
1031 3824 1225 3879 αἰπεῖα
1262 3826 1341 3877 ὡς
1376 3825 1529 3879 ὀξεῖα
1564 3823 1745 3878 Schol.
1782 3825 1850 3883 A.
1899 3854 1961 3864 -—
2008 3831 2109 3880 813
2147 3826 2406 3880 Βατίειαν
2438 3823 2612 3878 Hero·

338 3891 526 3946 dianus
570 3893 1113 3961 προπαροξυτόνως.
1168 3922 1233 3931 --
1286 3896 1387 3945 814
1434 3892 1691 3960 Μυρίννη
1747 3894 1812 3946 ἐν
1857 3894 2137 3960 ἁπλότητι
2193 3894 2293 3958 μὲν
2336 3894 2613 3959 γράφεται

337 3961 434 4025 τοῦ
467 3967 533 4031 33,
570 3961 820 4028 διπλόην
865 3961 927 4013 δὲ
969 3962 1083 4027 ἔχει
1126 3965 1230 4013 τοῦ
1266 3965 1318 4012 V
1353 3961 1497 4014 κατὰ
1539 3962 1610 4014 τὸ
1649 3961 1880 4027 Ἠρίννα
1923 3960 2076 4015 Eunt.
2124 3965 2239 4024 351,
2286 3966 2368 4013 41.
2412 3988 2479 4030 ··.··
2513 3966 2613 4015 816

338 4030 698 4096 κορυθαιόλος
735 4029 795 4081 δὲ
831 4030 1204 4095 παροξύνεται
1238 4029 1352 4082 ὑπὸ
1387 4031 1509 4081 τῶν
1544 4032 1804 4082 παλαιῶν
1839 4027 1992 4081 Euat.
2029 4034 2147 4092 352,
2182 4033 2268 4094 28,
2306 4027 2419 4081 vid.
2454 4026 2522 4079 H.
2549 4026 2614 4082 Τ.

336 4101 445 4151 421.
480 4097 616 4152 eod.
653 4098 707 4150 A
752 4095 872 4149 fere
915 4111 1032 4148 sem
1076 4112 1139 4149 er
1181 4096 1545 4163 κορυθαιόλος
1589 4096 1778 4149 habet.
1819 4125 1883 4134 —
1927 4101 2028 4149 819
2073 4095 2204 4149 πάϊς
2249 4094 2394 4149 conf.
2440 4094 2506 4150 Η.
2547 4094 2613 4148 U.

336 4181 386 4231 p.
417 4171 493 4220 96.
532 4197 600 4206 -
650 4170 760 4220 824
804 4164 942 4216 ὑπαὶ
985 4181 1027 4216 π
1096 4180 1133 4218 α
1167 4163 1521 4217 Herodianus
1565 4180 1694 4216 cum
1738 4162 2086 4215 Aristarcho:
2137 4161 2422 4231 Tyrannio
2457 4165 2611 4230 ὕπαι,

335 4232 467 4288 conf.
502 4232 699 4292 Schol.
741 4232 789 4287 Ο
826 4239 875 4283 4.
913 4260 973 4269 -
1018 4237 1118 4286 828
1157 4232 1514 4304 ζΑδρήςτειαν
1550 4233 1611 4286 δὲ
1645 4233 1865 4285 θέλουει
1909 4231 2012 4308 μέν
2046 4247 2198 4285 τινες
2232 4232 2612 4298 τριςυλλάβως

335 4300 636 4370 Δρήςτειαν
706 4301 923 4379 ράφειν
956 4297 1107 4353 Eunt.
1144 4305 1262 4365 355,
1302 4307 1380 4354 13.
1421 4301 1686 4355 Ἀπαιςοῠ
1712 4296 2081 4352 Ηετοᾶιειιιιιε.
2109 4330 2159 4338 -
2195 4304 2292 4355 831
2330 4302 2475 4368 περὶ,
2499 4316 2613 4354 non

336 4370 462 4438 πέρι,
494 4370 620 4426 Her
703 4383 888 4432 mnan,
923 4366 992 4420 ef.
1025 4367 1093 4421 H.
1132 4367 1197 4423 Τ.
1234 4373 1353 4424 337.

2136 4453 2208 4509 5*
