3144 5006
410 420 483 477 VI
1340 424 1766 482 PRAEFATIO.

413 592 680 652 servata.
780 587 1110 673 Digammi
1165 589 1481 655 rationem
1537 590 1736 655 habui
1790 588 1923 654 fere
1975 590 2247 671 nullam,
2306 610 2510 674 neque
2567 587 2693 673 ἐγὼ

411 700 571 759 εἴπω
618 698 675 759 Β
710 696 856 776 139,
904 699 948 759 Ι
971 696 1084 779 26,
1125 696 1278 780 704,
1326 700 1415 759 Μ
1452 696 1562 779 75,
1601 691 1684 781 δὴ
1725 691 1856 762 ὅπα
1895 699 1957 760 Γ
1986 696 2111 760 221
2156 699 2417 780 propter
2454 696 2699 782 digam-

411 823 588 865 mum
628 802 883 886 scripsi,
920 803 1030 867 sed
1067 808 1280 867 motus
1318 803 1699 868 auctoritate
1737 805 2047 868 librorum
2078 804 2494 887 optimorum,
2532 806 2699 869 conf.

409 907 478 971 E
499 909 650 993 475,
687 913 741 972 Z
770 910 873 993 90,
905 911 1011 974 ubi
1049 906 1223 992 ἐγὼν
1251 908 1456 975 ι’δεέιν
1492 914 1557 974 et
1586 905 1659 986 ὅς
1687 911 1759 974 οἱ
1788 911 1968 975 libris
2006 910 2227 975 invitis
2265 932 2395 974 11011
2433 911 2695 976 mutavi.

585 1015 665 1079 In
722 1015 1185 1101 orthographia
1237 1017 1464 1082 iisdem
1519 1016 1879 1083 rationibus
1944 1016 2171 1081 ductus
2228 1039 2398 1101 sum,
2466 1018 2697 1101 quibus

408 1123 473 1186 in
533 1121 811 1187 editione
867 1122 1214 1207 Odysseae,
1277 1123 1446 1188 idem
1501 1145 1723 1188 versus
1778 1145 1886 1187 eos
1949 1126 2202 1188 tantum
2267 1124 2523 1207 inclusi,
2588 1125 2697 1209 qui

409 1251 448 1292 a
501 1229 682 1293 libris
737 1230 835 1294 vel
883 1231 1182 1295 omnibus
1236 1231 1335 1295 vel
1396 1230 1767 1295 melioribus
1823 1230 2075 1295 absunt.
2175 1229 2316 1294 Hac
2368 1231 2438 1293 in
2491 1251 2559 1294 re
2615 1230 2694 1293 iis

409 1337 709 1400 assentiri
754 1358 886 1401 non
942 1359 1231 1421 possum,
1287 1338 1397 1423 qui
1444 1337 1731 1403 versibus
1787 1358 1979 1421 quam
2034 1336 2328 1419 plurimis
2375 1320 2695 1400 damnatis

408 1465 631 1508 omnes
701 1443 1164 1528 discrepantias
1224 1445 1291 1509 in
1358 1445 1461 1509 his
1521 1443 1911 1508 carminibus
1973 1445 2253 1507 amoveri
2323 1465 2513 1527 posse
2574 1444 2694 1507 sibi

406 1571 783 1632 persuasum
852 1551 1152 1615 habeant.
1255 1550 1579 1617 Constitui
1639 1550 1806 1615 enim
1878 1550 2036 1613 haec
2096 1551 2383 1614 carmina
2444 1552 2698 1633 integra

406 1656 617 1743 edere,
677 1658 861 1723 sicuti
919 1658 1107 1722 nobis
1167 1679 1281 1741 per
1339 1662 1439 1721 tot
1493 1658 1706 1722 secula
1760 1661 1913 1721 sunt
1969 1656 2231 1741 tradita,
2289 1679 2420 1720 non
2482 1657 2697 1740 qualia

406 1763 604 1829 fuisse
641 1769 791 1829 ante
830 1762 1085 1833 Solonis
1132 1768 1245 1829 aut
1279 1762 1557 1849 Lycurgi
1604 1767 1898 1848 tempora
1944 1762 2202 1848 quidam
2252 1762 2373 1826 sibi
2421 1764 2695 1849 fingunt.

580 1871 1049 1957 Prolegomena
1093 1872 1276 1936 alteri
1312 1870 1621 1935 volumini
1661 1868 2065 1953 adiicientur3
2111 1892 2281 1933 nunc
2319 1870 2488 1932 enim
2527 1892 2692 1933 mor-

403 1983 536 2043 tem
591 1980 780 2064 lugeo
828 1979 1117 2063 coniugis
1165 1978 1472 2062 optimae,
1538 1977 1649 2060 qui
1703 1975 1817 2040 III.
1874 1977 1974 2040 die
2029 1976 2267 2040 mensis
2323 1975 2692 2037 Decembris

406 2084 595 2149 huius
644 2086 794 2150 anni
853 2089 1261 2169 praematura
1314 2087 1519 2147 morte
1566 2083 1752 2166 obiit,
1810 2105 1938 2166 qua
1992 2081 2355 2145 calamitate
2411 2081 2503 2143 ita
2549 2101 2689 2143 sum

406 2192 763 2276 perculsu8‚
808 2195 883 2255 nt
928 2192 1009 2255 ab
1058 2190 1231 2255 omni
1280 2191 1546 2253 0111111110
1594 2189 1856 2271 negotio
1905 2188 2300 2252 abhorream.

563 2281 769 2381 Χὰῖρε
814 2300 975 2381 φίλη
1021 2292 1305 2381 κεφαλή,
1350 2290 1677 2379 γλυκερὸν
1720 2289 1923 2376 φάος,
1969 2288 2012 2378 ἤ
2056 2291 2131 2357 τέ
2169 2317 2284 2378 μοι
2332 2291 2460 2357 αἰεὶ

561 2399 887 2489 θαλπωρὴ
934 2400 1044 2468 καὶ
1091 2399 1309 2489 χάρμα
1354 2400 1693 2482 πελέσκεο,
1739 2402 1869 2466 νῦν
1914 2388 2006 2465 δὲ
2033 2402 2345 2469 θανοῦσα

564 2506 856 2597 ἅῤῥητόν
900 2536 1013 2596 μοι
1060 2509 1311 2586 πένθος
1357 2506 1456 2574 ἐνὶ
1502 2503 1893 2594 μεγάροισιν
1939 2511 2206 2591 ἔθηκας.

562 2629 747 2702 χαῖρε
795 2621 987 2701 φίλη,
1034 2616 1147 2682 σέο
1196 2611 1249 2681 δ’
1302 2611 1425 2682 οὐκ
1472 2612 1894 2700 ἐπιλήσομαι,
1949 2608 2096 2699 ὄφρ’
2149 2607 2235 2679 ἂν
2283 2611 2409 2698 ἐγώ
2457 2638 2530 2698 γε

563 2727 830 2801 ζωοῖσιν
873 2723 1078 2809 μετέω
1125 2727 1243 2789 καί
1280 2749 1392 2809 μοι
1440 2727 1603 2806 φίλα
1641 2716 1910 2806 γούνατ’
1966 2717 2206 2808 ὀρώρῃ.

662 2943 889 3002 Dabam
940 2944 1187 3003 Lentiae
1233 2945 1328 3002 die
1374 2942 1499 3001 XV.
1547 2910 1767 3001 mensis
1821 2942 2158 3001 Decembris

1058 3068 1197 3127 anni
1242 3066 1750 3127 MDCCCLXXII.
