3144 5006
1332 420 1667 479 ΙΛΙΑΔΟΟ
1722 417 1815 477 IX.
2588 416 2713 482 243

598 574 823 652 ἐςθλῆς
867 576 970 639 καὶ
1013 579 1314 657 πυκινῆς,
1359 573 1459 653 ὅτι
1505 577 1672 653 δήιοι
1717 575 1933 651 ἐγγύθι
1977 579 2154 654 νηῶν

594 675 876 741 καίουςιν
921 676 1093 755 πυρὰ
1137 675 1380 740 πολλά·
1425 676 1517 740 τίς
1562 675 1643 740 ἂν
1685 677 1840 740 τάδε
1882 676 2201 755 γηθήςειε;

593 777 709 845 νὺξ
751 777 808 840 δ’
848 775 950 857 ἧδ’
995 776 1069 855 ἠὲ
1113 776 1458 857 διαῤῥαίςει
1501 778 1775 856 ςτρατόν
1819 777 1894 854 ὴὲ
1939 777 2181 842 ςαώςει.

763 879 851 943 ὣς
896 878 1106 963 ἔφαθ’,
1152 880 1219 943 οἳ
1262 880 1318 944 δ’
1363 877 1489 959 ἄρα
1531 883 1649 943 τοῦ
1679 877 1848 958 μάλα
1877 880 1992 958 μἐν
2024 877 2222 943 κλύον
2267 877 2382 957 ἠδὲ
2426 877 2710 942 πίθοντο.

466 985 550 1043 80
595 978 664 1045 ἐκ
707 982 777 1045 δ“ε
824 980 1227 1061 φυλακτῆρες
1272 979 1386 1045 ςὺν
1432 981 1718 1059 τεύχεςιν
1765 978 2102 1045 ἐςςεύοντο

591 1079 753 1162 ἀμφί
794 1101 864 1146 τε
912 1081 1297 1162 Νεστορίδην
1344 1082 1796 1164 Θραςυμήδεα,
1842 1081 2118 1160 ποιμένα
2163 1082 2363 1162 λαῶν,

589 1181 688 1260 ἠδ’
733 1182 894 1263 ἀμφ’
937 1182 1341 1263 Ἀςκάλαφον
1387 1184 1490 1247 καὶ
1533 1182 1891 1265 Ἰάλμενον,
1938 1180 2078 1247 υἷας
2119 1181 2376 1262 Ἄρηος,

589 1282 754 1365 ἀμφί
796 1305 865 1349 τε
912 1285 1246 1364 Μηριόνην
1290 1284 1585 1366 Ἀφαρῆά
1628 1304 1695 1349 τε
1742 1282 2083 1363 Δηίπυρόν
2129 1302 2219 1366 τε,

588 1383 688 1463 ἠδ’
732 1384 897 1466 ἀμφὶ
945 1386 1284 1465 Κρείοντος
1330 1384 1503 1470 υἱόν,
1550 1385 1927 1464 Λυκομήδεα
1968 1387 2132 1449 δῖον.

461 1490 542 1549 85
590 1486 726 1552 ἕπτ’
770 1486 922 1552 ἔςαν
966 1487 1278 1568 ἡγεμόνες
1324 1489 1672 1570 φυλάκων,
1717 1487 1946 1552 ἑκατὸν
1993 1486 2064 1551 δὲ
2108 1485 2349 1569 ἑκάςτῳ

575 1576 816 1667 ’κοῦροι
859 1587 989 1668 ἅμα
1032 1592 1283 1668 ςτεῑχον
1329 1590 1540 1669 δολίχ’>
1574 1589 1770 1669 ἔγχεα
1814 1588 2023 1668 χερςὶν
2069 1587 2359 1666 ἔχοντες·

586 1689 706 1754 κὰδ
751 1690 824 1753 δὲ
865 1688 1057 1767 μέςον
1100 1690 1359 1771 τάφρου
1402 1692 1507 1755 καὶ
1548 1691 1795 1769 τείχεος
1837 1689 1976 1756 ἷζον
2020 1688 2257 1755 ἰόντες·

588 1788 743 1855 ἔνθα
787 1791 860 1854 δὲ
902 1794 1030 1870 πῦρ
1075 1792 1348 1874 κήαντο,
1392 1792 1646 1857 τίθεντο
1691 1791 1763 1855 δ“ε
1807 1791 2020 1870 δόρπα
2064 1790 2341 1855 ἕκαςτος.

757 1891 1073 1971 Ἀτρείδης
1118 1895 1188 1957 δὲ
1232 1893 1542 1972 γέροντας
1588 1891 1866 1959 ἀολλέας
1909 1890 2065 1970 ἦγεν
2111 1892 2380 1971 Ἀχαιῶν

462 1998 545 2056 90
588 1993 655 2057 ἐς
699 1992 966 2077 κλιςίην,
1010 1995 1186 2075 παρὰ
1231 1995 1302 2060 δέ
1347 2016 1457 2076 ςφι
1500 1994 1656 2060 τίθει
1698 1995 2028 2074 μενοεικέα
2070 1995 2269 2057 δαῖτα.

586 2095 652 2158 οἳ
695 2095 752 2159 δ’
794 2094 895 2159 ἐπ’
938 2094 1175 2161 ὀνείαθ’
1218 2095 1443 2175 ἑτοῖμα
1486 2096 1874 2176 προκείμενα
1916 2098 2130 2174 χεῖρας
2173 2094 2425 2159 ἴαλλον.

585 2195 788 2275 αὐτὰρ
832 2197 969 2262 ἐπεὶ
1013 2197 1238 2263 πόςιος
1281 2198 1385 2262 καὶ
1428 2197 1697 2277 ἐδητύος
1742 2196 1808 2263 ἐξ
1852 2196 2008 2276 ἔρον
2056 2196 2227 2280 ἕντο,

586 2300 722 2362 τοῖς
768 2298 807 2362 ὁ
849 2299 1061 2377 γέρων
1106 2299 1501 2378 πάμπρωτος
1545 2299 1841 2379 ὑφαίνειν
1884 2298 2119 2378 ἤρχετο
2164 2300 2369 2378 μῆτιν,

587 2397 878 2483 Νέςτωρ,
924 2397 1003 2463 οὗ
1047 2400 1150 2465 καὶ
1194 2399 1471 2479 πρόςθεν
1517 2399 1734 2479 ἀρίςτη
1779 2400 2050 2481 φαίνετο
2099 2399 2326 2480 βουλή·

460 2506 540 2563 95
586 2499 624 2566 ὅ
669 2522 816 2583 ςφιν
863 2501 934 2566 ἐὺ
979 2502 1287 2582 φρονέων
1333 2501 1696 2582 ἀγορήςατο
1742 2502 1841 2567 καὶ
1885 2502 2248 2584 μετέειπεν·

753 2603 1032 2682 Ἀτρείδη
1076 2605 1352 2686 κύδιςτε,
1386 2603 1557 2686 ιὀὶναξ
1601 2604 1862 2684 ἀνδρῶν
1907 2604 2325 2685 Ἀγάμεμνον,

585 2704 656 2769 ἐν
702 2705 801 2768 ςοὶ
844 2705 960 2785 μὲν
1005 2706 1207 2786 λήξω,
1253 2704 1360 2769 ςέο
1408 2705 1465 2770 δ’
1507 2703 1807 2788 ἄρξομαι,
1854 2705 2090 2771 οὕνεκα
2134 2707 2403 2769 πολλῶν

585 2807 763 2869 λαῶν
808 2805 933 2869 ἐςςι
976 2805 1169 2889 ἄναξ,
1214 2806 1313 2869 καί
1356 2826 1456 2870 τοι
1498 2805 1666 2871 Ζεὺς
1710 2806 2038 2883 ἐγγυάλιξε

547 2971 615 3026 V.
654 2992 705 3025 1..
767 2978 831 3026 76
866 2975 1103 3040 πικυνῆς
1129 2971 1193 3027 G.
1232 2953 1329 3027 ὅτῗ
1358 2971 1411 3026 8.
1451 3003 1513 3012 -
1552 2979 1617 3027 77
1642 2975 1851 3028 καίουςι
1876 2971 2087 3027 CDEG.
2121 2976 2379 3041 γηθήςειε
2405 2972 2697 3027 ACEGHL

414 3039 597 3095 Schol.
638 3042 676 3094 Κ
715 3047 830 3094 204.
868 3073 932 3081 -
971 3046 1034 3095 78
1069 3043 1160 3107 ἧδ’
1193 3042 1268 3093 A:
1308 3041 1483 3094 ceteri
1519 3043 1624 3108 ἧδ’.
1661 3043 1726 3108 ἠὲ
1771 3043 1968 3096 ςαώςει
2013 3042 2079 3109 ἠὲ
2125 3041 2420 3109 διαρραίςει
2458 3043 2697 3107 ςτρατόν

413 3107 469 3161 L.
506 3144 574 3152 -
608 3114 672 3161 79
710 3109 788 3162 ὡς
812 3111 878 3163 A.
916 3109 1023 3163 οἵδ’
1047 3107 1199 3164 CGL.
1237 3109 1337 3176 ἠδὲ
1375 3109 1613 3163 πίθοντο
1640 3108 1716 3163 G:
1755 3109 1931 3163 ceteri
1966 3111 2055 3176 ἠδ’
2081 3110 2366 3167 ἐπίθοντο.
2406 3139 2465 3147 -
2507 3115 2572 3163 80
2597 3127 2696 3164 ςυν

411 3177 477 3228 A.
523 3178 806 3243 τεύχεςςιν
849 3174 971 3230 DG.
1017 3206 1083 3215 —
1128 3183 1194 3231 86
1237 3179 1334 3243 ἅμ’
1378 3179 1523 3231 ἐςτει
1559 3194 1627 3231 ον
1670 3176 1851 3230 AELS
1893 3176 2256 3246 Pseudoplut.
2312 3183 2431 3236 156.
2477 3183 2558 3231 23.
2603 3179 2697 3245 ἅμ’

409 3245 629 3309 ἔςτιχον
667 3243 884 3298 CDGH.
933 3280 986 3288 —
1030 3251 1096 3301 87
1144 3245 1307 3299 καδδὲ
1344 3243 1539 3298 ACDG
1595 3244 1654 3299 L.
1696 3245 1818 3302 ἵζον
1854 3243 1963 3299 OG.
2007 3248 2127 3300 ἷζον
2164 3247 2228 3299 A.
2267 3274 2331 3284 --
2368 3249 2434 3299 88
2481 3247 2697 3311 κήαντο

411 3359 594 3439 891101.
636 3365 648 3418 Ι
689 3346 769 3416 77.
805 3365 1021 3431 κήαντο
1057 3361 1122 3415 G.
1167 3312 1394 3417 κέίαντο
1427 3363 1487 3416 L.
1538 3366 1762 3417 κείαντο
1798 3361 2047 3416 ACDEH
2088 3363 2238 3421 Vrat.
2277 3363 2329 3419 b.
2379 3365 2426 3417 A
2465 3371 2509 3417 1.
2546 3380 2694 3418 man.

410 3427 559 3497 Llps.
604 3429 691 3484 διὰ
734 3432 1047 3496 διφθόγγου
1088 3433 1150 3484 δὲ
1196 3433 1286 3484 καὶ
1333 3435 1440 3483 νῦν
1485 3433 1555 3484 τὸ
1601 3431 1828 3485 κείαντο
1873 3448 1954 3485 πα
2079 3436 2197 3486 τοῖς
2244 3433 2499 3485 παλαιοῖς
2545 3433 2694 3485 ἀντι-

409 3497 976 3618 ἒράφοιὲιΕιίεδ.,7ῧ7,
1007 3505 1095 3587 ¹43
1122 3499 1186 3551 δό
1225 3515 1305 3617 Eu
1330 3497 1698 3595 Εἰηδόρπον
1725 3497 1919 3552 ACDG
1981 3499 2034 3552 S.
2074 3529 2140 3537 —
2175 3506 2243 3553 90
2276 3515 2407 3566 ςφιν
2445 3498 2509 3552 G.
2546 3506 2696 3564 ςφϊςϊ

409 3607 469 3684 L]
505 3594 574 3671 ἶ
606 3638 674 3686 95
708 3582 760 3700 g,
796 3566 1076 3699 gepw'ffg
1105 3566 1170 3688 δίς3
1206 3573 1489 3700 ceph—GL?
1525 3565 1981 3701 {gmfficvkltssveg
2026 3566 2190 3688 ἔᾙὲ.
2212 3566 2542 3701 effitssossffiv
2561 3569 2694 3688 ἑᾸἯῗ

410 3729 474 3738 -
510 3706 575 3754 97
624 3701 811 3755 εἵνεκα
855 3699 914 3755 L.
958 3731 1022 3740 —
1070 3708 1135 3756 98
1172 3705 1332 3756 λαῶν
1375 3703 1485 3757 ἐςςί
1529 3700 1624 3756 AC
1680 3700 1889 3755 EGHL.
1936 3703 2121 3756 nullus
2165 3703 2328 3757 ἐςςὶν.
2384 3702 2473 3756 καί
2512 3720 2593 3757 ςοι
2632 3702 2691 3756 Ε.

409 3768 695 3832 ἐγγυάλιξε
731 3767 944 3823 ACGH.

543 3940 608 3992 A.
645 3957 693 3991 c.
748 3943 812 3993 76
848 3933 1035 3995 οὕτως
1068 3956 1153 4006 γρ.
1193 3942 1280 3994 ὅτι
1325 3941 1470 4006 δήιοι
1507 3938 1850 4007 Didymus,
1887 3969 1949 3977 -
1994 3944 2059 3992 78
2094 3938 2414 4006 διαρραίςειι
2451 3940 2521 3992 δι’
2563 3940 2690 3992 ἑνὸς

415 4012 454 4073 ρ
491 4006 549 4059 αί
585 4006 775 4074 ἀριςτά
812 4023 914 4072 χοιι
940 4005 1284 4074 Didymae.
1325 4037 1385 4045 —
1421 4013 1487 4061 86
1525 4007 1698 4062 ίακῶς
1736 4010 1805 4060 τὸ
1843 4011 2061 4071 ςτεῖχον
2099 4006 2153 4059 αί
2190 4007 2538 4125 άὸιςτάρχου,
2576 4008 2690 4071 ἅμα

405 4079 626 4140 ςτείχον
660 4074 740 4127 Di
798 4091 1003 4142 ymuS.
1040 4104 1104 4113 —
1141 4079 1207 4128 88
1242 4075 1568 4142 ἀρίςταρχος
1608 4077 1750 4139 μετὰ
1782 4078 1887 4129 τοῦ
1928 4079 1977 4126 ff
1999 4075 2184 4139 δόρπα
2284 4073 2569 4140 ldymuS.
2612 4074 2688 4127 τί-

404 4145 576 4194 θεντο
611 4143 674 4196 δὲ
709 4145 873 4197 δαῖτα
898 4143 1127 4197 θάλειαν
1143 4142 1473 4197 Zenodotus.
1515 4172 1565 4181 —
1592 4149 1657 4196 89
1682 4143 2007 4209 ἀρίςταρχος
2034 4142 2286 4207 ἀριςτέας
2311 4141 2450 4206 ἦγεν
2476 4142 2690 4208 ἀχαιῶν

404 4210 466 4262 et
499 4209 827 4278 ἀρίςταρχος
862 4212 1133 4277 γέροντας
1170 4212 1429 4279 ἀριςτῆας
1464 4210 1587 4277 (sic)
1626 4209 1806 4264 Schol.
1847 4210 1887 4261 Α
1927 4225 1995 4262 ex
2031 4208 2291 4276 Didymo·
2349 4209 2532 4261 forma
2575 4210 2689 4276 ἀρι-

404 4279 568 4333 ςτέας
602 4276 878 4331 Pindarus
922 4293 1146 4346 quoque
1193 4295 1324 4332 usus
1366 4280 1453 4331 est
1499 4277 1692 4331 Isthm.
1729 4277 1852 4342 Vll,
1890 4283 1972 4330 55.
2012 4312 2074 4320 -
2120 4283 2187 4330 95
2222 4280 2252 4330 ὅ
2290 4293 2437 4346 ςφιν,
2476 4293 2586 4330 non
2625 4280 2687 4332 ὅς

403 4361 553 4412 (φιν,
589 4345 955 4398 Aristarchus,

2175 4429 2281 4483 16*
