3144 5006
1192 1262 1916 1347 PRAEFATIO.

1454 1458 1654 1473 mNd’fsd

585 1614 871 1681 Easdem
908 1616 1193 1681 rationes
1234 1619 1518 1697 secutuS‚
1564 1639 1725 1701 quas
1762 1618 1830 1681 in
1869 1617 2147 1682 editione
2186 1608 2509 1701 Odysseae
2547 1621 2696 1683 ante

403 1724 529 1788 hos
575 1724 857 1809 quinque
896 1746 1099 1789 annos
1139 1725 1437 1809 vulgatae
1474 1723 1633 1787 mihi
1670 1724 1980 1799 tenendas
2018 1725 2265 1809 putavi,
2309 1724 2529 1790 Iliadis
2568 1725 2694 1790 edi-

407 1831 661 1894 tionem
697 1831 1086 1917 comparavi,
1124 1831 1201 1896 de
1238 1854 1366 1916 qua
1402 1832 1673 1895 lectores
1708 1830 2054 1895 benevolos
2091 1831 2310 1915 paucis
2338 1833 2695 1915 praemoni-

304 1970 325 1979 -
410 1940 519 2001 tos
567 1958 707 2001 esse
754 1938 954 2002 velim,

588 2042 667 2108 In
721 2046 906 2109 tanta
958 2045 1144 2129 copia
1205 2045 1516 2111 librorum
1570 2044 2182 2129 manuscriptorum,
2246 2044 2476 2130 quibus
2540 2046 2697 2111 haec

410 2151 699 2216 carmina
734 2152 1171 2235 continentur,
1217 2173 1326 2216 eos
1365 2151 1523 2216 mihi
1560 2150 1969 2235 potissimum
2007 2150 2336 2236 eligendos
2372 2151 2551 2237 duxi,
2588 2153 2697 2237 qui

412 2261 478 2321 et
530 2262 851 2323 vetustate
906 2263 973 2323 et
1025 2260 1423 2342 praestantia
1477 2259 1787 2341 eminent,
1842 2281 2114 2344 quorum
2167 2259 2489 2343 principes
2547 2264 2699 2324 sunt

413 2363 696 2431 Venetus
741 2367 831 2452 A,
886 2366 1175 2430 omnium
1231 2368 1342 2452 qui
1389 2366 1596 2431 adhuc
1649 2367 2070 2431 innotuerunt
2121 2365 2326 2450 longe·
2366 2371 2696 2449 praestan-

420 2471 722 2558 tissimus,
774 2479 840 2539 et
893 2471 1362 2538 Laurentianus
1418 2471 1505 2556 D,
1566 2473 1729 2538 liber
1788 2473 2067 2558 optimae
2126 2477 2317 2538 notae
2372 2476 2439 2538 et
2492 2473 2698 2539 adhuc

418 2577 547 2642 fere
600 2579 987 2667 incognitus.
1090 2579 1212 2645 His
1279 2581 1461 2646 libris
1521 2602 1774 2645 summa
1832 2601 1978 2644 cum
2045 2579 2380 2666 diligentia
2448 2581 2698 2645 collatis

415 2683 673 2751 adiunxi
734 2691 868 2752 tres
927 2686 1463 2753 Vindobonenses
1529 2690 1596 2751 et
1657 2685 2160 2751 Laurentianum
2225 2687 2524 2770 alterum,
2588 2688 2698 2771 qui
2717 2681 2732 2688 ’

411 2796 561 2874 post
596 2791 659 2856 D
696 2796 1057 2877 proximum
1094 2794 1305 2859 locum
1345 2794 1621 2876 obtinet,
1668 2792 1894 2858 deinde
1931 2793 2295 2878 fragmenta
2331 2792 2697 2877 antiquissi-

416 2920 527 2962 ma
570 2898 640 2961 in
683 2921 920 2984 papyro
957 2902 1196 2984 scripta
1232 2922 1350 2965 nec
1386 2922 1518 2964 non
1564 2899 1931 2986 fragmenta
1966 2899 2398 2964 Ambrosiana
2434 2904 2501 2963 et
2536 2921 2698 2984 quae

416 3025 495 3068 ex
559 3003 974 3089 palimpsesto
1044 3005 1306 3090 Syriaco
1374 3005 1733 3072 Curetonus
1802 3006 2015 3070 edidit.
2127 3005 2262 3071 Nec
2329 3007 2701 3071 testimonia

411 3115 699 3176 veterum
745 3113 1129 3196 scriptorum
1175 3116 1242 3177 et
1285 3114 1855 3199 grammaticorum
1892 3111 2282 3178 Graecorum
2318 3112 2479 3177 mihi
2519 3135 2697 3196 prae-

413 3218 723 3284 tereunda
767 3241 907 3283 esse
952 3220 1197 3304 censui,
1253 3242 1380 3305 quo
1434 3220 1678 3284 factum
1732 3225 1856 3304 est,
1909 3222 1983 3284 ut
2033 3219 2192 3283 haec
2228 3218 2458 3284 ’Iliadis
2505 3220 2699 3285 editio

411 3325 605 3389 variis
652 3324 1036 3390 lectionibus
1082 3326 1363 3412 undique
1409 3327 1734 3411 congestis
1781 3327 1867 3390 sit
1911 3330 2156 3390 ornata.

588 3430 916 3515 Imprimis
963 3436 1178 3497 autem
1223 3432 1287 3497 id
1333 3434 1462 3517 egi,
1511 3437 1584 3496 ut
1626 3437 1875 3497 textum
1922 3431 2200 3516 ederem,
2256 3433 2366 3517 qui
2413 3434 2697 3516 proxime

416 3538 747 3603 accederet
782 3539 863 3604 ad
899 3538 1380 3604 Aristarcheam
1427 3540 1891 3622 recensionem,
1938 3561 2101 3623 quae
2139 3541 2425 3604 omnium
2463 3540 2697 3605 iudicio

412 3644 969 3727 praestantissima
1035 3650 1101 3710 et
1170 3647 1653 3712 accuratissima
1717 3646 2017 3730 habetur,
2087 3669 2126 3710 a
2195 3669 2323 3731 qua
2381 3669 2512 3711 non
2571 3647 2698 3710 nisi

415 3750 816 3834 gravissimis
885 3751 961 3816 de
1019 3752 1229 3817 causis
1289 3754 1540 3818 recessi.
1643 3751 1830 3817 Hanc
1898 3752 2091 3816 etiam
2152 3754 2448 3817 omnibus
2515 3753 2697 3817 libris

414 3854 941 3922 dissentientibus
980 3862 1235 3923 secutus
1273 3881 1417 3923 sum
1463 3881 1611 3923 cum
1656 3859 1878 3924 multis
1924 3859 2196 3944 singulis
2241 3857 2399 3923 locis
2443 3861 2582 3921 tum
2629 3858 2699 3922 in

414 3963 744 4047 scripturis
796 3958 959 4049 ᾔδη,
1014 3961 1298 4048 ἑστήκει,
1353 3962 1582 4046 ἕλκον,
1635 3953 1776 4049 ἧχι,
1832 3960 2134 4048 ἐβήσετο,
2189 3965 2474 4046 ἔδεισεν,
2537 3964 2698 4030 aliis,

419 4067 542 4136 Ubi
597 4070 674 4135 de
728 4069 1089 4135 Aristarchi
1136 4070 1452 4154 scriptura
1496 4072 1660 4135 nihil
1707 4071 1863 4135 certi
1910 4075 2008 4135 est
2061 4070 2395 4154 traditum,
2450 4092 2557 4135 eas
2611 4073 2698 4136 le-

417 4176 657 4240 ctiones
703 4177 1006 4261 praetuli,
1053 4200 1214 4262 quae
1258 4179 1648 4261 optimorum
1695 4179 2003 4242 librorum
2050 4176 2175 4241 fide
2216 4181 2280 4240 et
2321 4178 2700 4242 auctoritate

420 4282 733 4367 nituntur,
789 4287 1046 4348 secutus
1100 4285 1436 4368 praecipue
1484 4285 1804 4350 Venetum
1849 4284 1908 4347 A
1964 4288 2029 4347 et
2072 4283 2574 4349 Laurentianum
2621 4282 2700 4367 D,

425 4384 493 4447 in
545 4389 769 4472 quibus
823 4389 985 4454 haec
1039 4391 1323 4455 carmina
1376 4390 1920 4473 incorruptissime
1976 4395 2041 4454 et
2094 4391 2502 4474 integerrime
2550 4393 2702 4453 sunt

1166 4870 1714 4971 272764
