3144 5006
379 384 464 447 46
1301 384 1636 441 ΙΛΙΑΔΟ(
1681 384 1743 438 Β.

383 543 504 601 355
550 538 698 618 πρίν
744 560 886 604 τινα
928 539 1059 617 πὰρ
1104 540 1349 618 Τρώων
1394 539 1616 622 ἀλόχῳ
1660 532 2221 620 κατακοιμηθῆναι,

549 641 827 705 τίςαςθαι
870 641 939 704 δ’
982 641 1237 720 Ἑλένης
1281 640 1609 720 ὁρμήματά
1652 661 1721 704 τε
1766 642 2080 722 ςτοναχάς
2122 661 2206 705 τε.

553 742 608 807 εἰ
651 743 723 807 δέ
767 763 859 809 τις
903 742 1237 818 ἐκπάγλως
1280 741 1483 807 ἐθέλει
1525 741 1713 807 οἶκον
1758 744 1829 807 δὲ
1872 743 2150 821 νέεςθαι,

555 844 848 909 ἁπτέςθω
891 843 967 923 ἧς
1011 847 1167 923 νηὸς
1210 844 1578 922 ἐυςςέλμοιο
1623 844 1951 923 μελαίνης,
2263 922 2282 943 “

553 944 733 1027 ὄφρα
775 946 1006 1027 πρόςθ’
1048 945 1266 1012 ἄλλων
1312 946 1596 1010 θάνατον
1643 946 1745 1011 καὶ
1786 946 2037 1028 πότμον
2083 947 2328 1032 ἐπίςπῃ.

385 1052 509 1111 360
551 1046 717 1112 ἀλλὰ
760 1046 918 1114 ἄναξ
962 1047 1156 1113 αὐτός
1200 1049 1265 1112 τ’
1310 1046 1384 1112 εὖ
1428 1049 1628 1127 μήδεο
1672 1047 1890 1113 πείθεό
1936 1050 2000 1112 τ’
2044 1049 2255 1134 ἄλλῳ·

552 1147 632 1213 οὔ
674 1171 773 1214 τοι
818 1148 1189 1229 ἀπόβλητον
1236 1149 1395 1213 ἔπος
1439 1148 1712 1230 ἔςςεται,
1758 1149 1892 1214 ὅττί
1936 1171 2045 1218 κεν
2089 1150 2285 1216 εἴπω·
2477 1198 2488 1207 .

550 1251 724 1330 κρῖν’
767 1250 1007 1330 ἄνδρας
1050 1252 1211 1315 κατὰ
1254 1254 1464 1331 φῦλα,
1510 1253 1672 1316 κατὰ
1715 1252 2036 1334 φρήτρας,
2083 1253 2512 1333 Ἀγάμεμνον,

550 1352 640 1417 ὼε
684 1353 935 1433 φρήτρη
981 1354 1353 1434 φρήτρηφιν
1396 1352 1638 1437 ἀρήγῃ,
1683 1353 1858 1433 φῦλρι
1902 1356 1973 1418 δὲ
2018 1354 2272 1435 φύλοις·

506 1453 603 1518 ἐἰ
647 1454 719 1519 δέ
762 1475 871 1521 κεν
917 1456 1007 1519 ὣς
1051 1454 1233 1538 ἕρξῃς
1279 1456 1379 1519 καί
1422 1475 1521 1519 τοι
1566 1454 1910 1520 πείθωνται
1956 1456 2225 1538 Ἀχαιοί,

380 1561 502 1619 365
547 1556 759 1641 γνώςῃ
804 1557 1032 1637 ἔπειθ’,
1081 1555 1154 1621 ὅς
1198 1557 1264 1621 θ’
1308 1555 1647 1635 ἡγεμόνων
1691 1558 1883 1623 κακὸς
1927 1558 2001 1622 ὅς
2044 1559 2113 1622 τέ
2157 1580 2235 1624 νυ
2282 1560 2491 1641 λαῶν,

547 1656 657 1735 ἠδ’
701 1658 775 1723 ὅς
820 1658 886 1724 κ’
929 1657 1151 1722 ἐςθλὸς
1196 1657 1354 1742 ἔῃςι·
1414 1658 1574 1722 κατὰ
1617 1659 1818 1739 ςφέας
1862 1661 1986 1738 γὰρ
2037 1661 2406 1740 μαχέονται·

512 1761 823 1836 ’γνώςεαι
866 1760 958 1841 δ’,
1004 1761 1045 1839 ἢ
1089 1761 1189 1824 καὶ
1233 1759 1524 1844 θεςπεςίῃ
1568 1760 1761 1826 πόλιν
1807 1761 1926 1826 οὐκ
1969 1761 2345 1843 ἀλαπάξεις,

548 1861 587 1941 ἦ
633 1861 893 1941 ἀνδρῶν
937 1863 1230 1942 κακότητι
1274 1863 1378 1927 καὶ
1421 1861 1708 1944 ἀφραδίῃ
1752 1863 2086 1942 πολέμοιο.

719 1965 834 2029 τὸν
880 1966 948 2029 δ’
993 1963 1500 2046 ἀπαμειβόμενος
1543 1965 1838 2043 προςέφη
1884 1964 2115 2042 κρείων
2160 1964 2605 2043 Ἀγαμέμνων·

381 2072 508 2129 370
549 2065 588 2144 ἧ
634 2067 759 2144 μὰν
803 2066 950 2131 αὖτ’
993 2064 1199 2148 ἀγορῇ
1244 2071 1421 2148 νικᾷς
1465 2066 1664 2142 γέρον
1710 2064 1850 2130 υἷας
1897 2066 2184 2144 Ἀχαιῶν.

549 2168 614 2230 αἲ
659 2168 783 2246 γὰρ
827 2168 956 2232 Ζεῦ
1000 2187 1068 2231 τε
1113 2167 1314 2243 πάτερ
1356 2167 1461 2230 καὶ
1503 2166 1797 2244 Ἀθηναίη
1842 2168 1942 2230 καὶ
1983 2166 2313 2233 Ἄπολλον

549 2272 828 2334 τοιοῦτοι
872 2269 1027 2333 δέκα
1070 2287 1178 2346 μοι
1223 2267 1711 2348 ςυμφράδμονες
1757 2266 1891 2333 εἶεν
1938 2270 2237 2349 Ἀχαιῶν·

549 2376 640 2434 τῶ
685 2390 752 2434 κε
796 2356 948 2449 τάχ’
990 2370 1239 2449 ἠμύςειε
1283 2368 1837 2449 πόλιςΠριὰμοιο
1882 2369 2159 2436 ἄνακτος

549 2472 762 2552 χερςὶν
807 2471 932 2552 ὑφ’
976 2471 1344 2557 ἡμετέρῃςιν
1387 2471 1631 2536 ἁλοῦςά
1675 2491 1744 2537 τε
1790 2474 2151 2554 περθομένη
2195 2494 2279 2539 τε.

382 2580 502 2637 375
549 2572 717 2639 ἀλλά
760 2594 867 2653 μοι
912 2572 1198 2654 αἰγίοχος
1247 2574 1555 2653 Κρονίδης
1601 2574 1766 2639 Ζεὺς
1809 2574 1996 2650 ἄλγε’
2041 2576 2312 2648 ἔδωκεν,

550 2676 623 2739 ὅς
668 2697 743 2755 με
787 2677 926 2756 μετ’
971 2676 1336 2755 ἀπρήκτους
1381 2675 1595 2756 ἔριδας
1638 2678 1740 2741 καὶ
1784 2676 1994 2742 νείκεα
2048 2678 2284 2758 βάλλει.

549 2779 650 2842 καί
692 2778 814 2857 γὰρ
860 2777 1030 2854 ἐγὼν
1077 2778 1355 2857 Ἀχιλεύς
1397 2798 1466 2843 τε
1511 2778 1904 2859 μαχηςάμεθ’
1947 2779 2159 2844 εἵνεκα
2201 2781 2436 2861 κούρης

549 2879 851 2960 ἀντιβίοις
895 2880 1206 2965 έπέεςςιν,
1252 2880 1382 2958 ἐγὼ
1426 2883 1493 2944 δ’
1538 2880 1742 2960 ἦρχον
1788 2883 2223 2959 χαλεπαίνων·

551 2982 605 3047 εἰ
649 2983 719 3046 δέ
764 2983 924 3047 ποτ’
967 2982 1034 3047 ἔς
1078 3002 1152 3059 γε
1195 2982 1342 3062 μίαν
1388 2983 1850 3064 βουλεύςομεν,
1899 2983 2117 3049 οὐκέτ’
2160 2983 2380 3049 ἔπειτα

517 3184 585 3240 V.
624 3205 674 3239 L.
728 3190 827 3239 355
862 3201 976 3250 παρ
1014 3183 1076 3235 Ι).
1114 3187 1322 3251 τρὼων
1359 3184 1515 3242 CGL.
1554 3191 1821 3239 355-357
1861 3187 2039 3240 omitt.
2067 3185 2116 3238 H
2153 3187 2210 3239 in
2248 3187 2426 3240 textu.
2462 3216 2524 3225 —
2562 3192 2660 3240 357

379 3255 542 3307 οἶκον
577 3255 638 3306 δὲ
682 3253 746 3305 Α.
791 3253 1015 3306 οῖκονδε
1062 3239 1315 3305 CDEHL.
1365 3255 1589 3308 οἴκονδε
1628 3251 1693 3307 G.
1751 3284 1813 3293 —
1867 3260 1965 3307 358
2003 3256 2293 3321 ἑϋςέλμοιο
2328 3253 2575 3308 DEGHL
2615 3263 2656 3307 1.

380 3337 527 3373 man.
565 3321 870 3386 εὐςέλμοιο.
911 3319 968 3373 C.
1018 3350 1076 3358 —-
1127 3326 1226 3372 360
1261 3322 1385 3376 ἀλλ’
1423 3320 1489 3378 G.
1528 3323 1701 3375 αὐτός
1750 3339 1812 3376 τε
1859 3323 2032 3388 μήδεο
2069 3323 2132 3374 G.
2189 3352 2254 3362 —
2308 3329 2404 3376 361
2444 3325 2511 3377 οὔ
2547 3339 2658 3376 Tot:

379 3391 504 3442 οὔτι
527 3386 698 3440 DGH.
726 3418 787 3426 —
813 3393 912 3442 362
949 3388 1091 3454 κρίν’
1114 3386 1180 3445 D.
1217 3405 1362 3443 κατα
1386 3390 1431 3442 Α
1457 3389 1558 3443 bis,
1586 3391 1843 3456 φρήτρας
1877 3392 1932 3442 τ’
1957 3388 2019 3443 G.
2051 3392 2420 3457 Ἀγαμέμνων
2438 3390 2594 3447 Vrat..
2614 3406 2658 3447 ο.

381 3456 565 3509 Schol.
603 3457 651 3510 Ζ
683 3463 723 3509 1.
759 3486 824 3495 -
851 3460 950 3510 363
987 3473 1032 3522 φ
1069 3457 1140 3522 ήτ
1180 3474 1317 3524 ῃφιν
1344 3456 1485 3511 CDE
1522 3457 1609 3509 bis
1646 3457 1709 3514 G,
1750 3459 1945 3524 ἀρήγει
1969 3457 2018 3510 D
2060 3463 2101 3511 1.
2139 3474 2287 3512 man.
2325 3457 2379 3511 S.
2416 3460 2570 3525 φύλα
2593 3457 2657 3510 D.

381 3555 443 3564 —
480 3529 581 3578 364
618 3525 696 3578 ὡς
732 3524 796 3576 A.
835 3525 996 3591 ἕρξης
1022 3473 1088 3574 fi.
1128 3473 1299 3592 ἔρξεις
1326 3524 1382 3576 L.
1423 3527 1513 3578 καί
1551 3529 1632 3579 coi
1661 3525 1726 3577 G.
1766 3527 2057 3581 πείθονται
2093 3525 2238 3579 CDH
2274 3526 2423 3595 Lips.
2449 3525 2659 3579 Townl.

380 3593 541 3646 Eton.
582 3591 735 3645 Vrat.
775 3592 828 3644 b.
868 3594 932 3649 A.
970 3589 1137 3644 Mose.
1180 3598 1223 3650 1.
1261 3610 1342 3661 pr.
1379 3610 1525 3646 man.
1552 3622 1616 3631 -—
1651 3599 1750 3647 365
1786 3597 1848 3649 ὃς
1884 3610 1946 3647 τε
1985 3611 2053 3647 νυ
2091 3593 2152 3646 G.
2191 3596 2254 3649 ὅς
2287 3596 2343 3647 τ’
2375 3595 2458 3648 ἔνι
2493 3592 2559 3651 D.
2594 3624 2658 3633 -

379 3666 478 3716 366
518 3677 658 3715 κατα
694 3663 758 3713 A.
797 3661 1125 3726 μαχέονταιε
1174 3664 1473 3728 μαχέοιντο
1510 3660 1693 3714 Schol.
1743 3665 1785 3716 Α
1824 3667 1940 3716 368.
1981 3693 2042 3700 -
2086 3668 2185 3716 367
2223 3665 2289 3728 ἢκ
2326 3661 2456 3715 libri
2494 3664 2556 3716 εί.
2593 3694 2654 3701 -—

379 3735 479 3782 368
515 3731 550 3796 ἦ
590 3730 664 3781 A:
703 3729 877 3782 ceteri
914 3731 966 3794 ἢ.
1004 3757 1067 3765 -
1104 3732 1204 3782 370
1238 3732 1272 3795 ἢ
1312 3728 1377 3783 D.
1416 3731 1452 3796 ἦ
1492 3733 1603 3794 μὴν
1638 3727 1734 3782 EG
1773 3729 1935 3783 Rhot.
1974 3731 2066 3783 Gr.
2093 3730 2188 3794 111,
2232 3735 2342 3793 153,
2371 3736 2419 3787 8.
2456 3731 2658 3799 ἀγορῆε

376 3800 550 3867 ἀρετῇ
590 3797 772 3851 Schol.
811 3798 851 3850 Β
888 3801 1000 3853 350.
1049 3824 1114 3834 -
1161 3803 1260 3850 373
1294 3802 1379 3851 τῶ
1416 3795 1660 3850 ACDHL
1707 3797 1791 3850 Et.
1829 3797 1940 3866 Mg.
1979 3803 2094 3862 773,
2133 3805 2222 3851 5οε
2269 3802 2344 3850 τ’
2394 3797 2442 3851 G
2479 3798 2657 3852 Schol.

377 3867 426 3920 Ζ
461 3873 575 3923 518.
621 3864 803 3934 Apoll.
848 3864 981 3917 Lex.
1029 3870 1144 3931 156,
1189 3871 1264 3918 13.
1319 3895 1381 3904 -
1438 3872 1538 3918 375
1583 3868 1808 3932 κρατέρ’
1853 3867 2010 3931 ἄλγε’
2056 3866 2269 3920 ἔδωκεν
2356 3907 2368 3918 .
2423 3867 2658 3921 ἔδωκενε

379 3936 582 4001 έθηκεν
618 3934 676 3986 Ε.
717 3962 775 3972 -
816 3938 915 3986 376
951 3934 1240 4001 ἀπρήκτα(
1279 3933 1330 3986 S.
1371 3935 1694 3999 ἀπράκτους
1730 3933 1789 3987 Ε.
1828 3963 1891 3972 -
1926 3939 2024 3986 377
2062 3935 2430 4001 μαχηςάμεθί
2469 3950 2659 4001 μαχες-

379 4003 571 4065 ςάμεθ’
593 4000 941 4056 ACEGHLS.
971 4000 1302 4069 μαχεςάμεθ’
1326 4000 1393 4054 D.
1416 4031 1476 4039 -
1497 4007 1599 4054 378
1624 4002 1983 4067 χαλεπαίνειν
2008 4001 2070 4056 G.
2095 4033 2153 4041 —
2177 4007 2277 4056 379
2301 4019 2365 4067 γε
2388 4002 2567 4061 omitt,
2593 4001 2658 4054 D.

464 4176 471 4182 ⁸
520 4187 583 4239 Α.
620 4206 666 4245 c.
731 4195 831 4242 355
876 4190 955 4242 πά
1006 4210 1018 4241 :
1073 4206 1181 4257 περ
1237 4189 1594 4256 Ἀρίςταρχος
1648 4191 1739 4242 καὶ
1791 4191 1864 4242 τὰ
1915 4190 2309 4255 ὑπομνήματα.
2363 4190 2498 4257 πρίν
2551 4205 2659 4243 τινι

384 4253 642 4306 Βοοάοτὶ.
678 4255 911 4308 Emend.
1002 4272 1173 4314 omer.
1210 4260 1390 4324 (1858)
1416 4275 1508 4326 pg.
1540 4264 1619 4311 10.
1646 4287 1712 4295 -
1737 4262 1837 4310 368
1874 4258 1909 4323 ἦ
1948 4256 2328 4310 Ptolemaeus:
2367 4260 2401 4323 ἢ
2440 4257 2657 4310 Alexio,

380 4328 478 4376 373
514 4326 619 4386 τῶ,
656 4338 769 4374 non
803 4328 909 4389 τῷ,
946 4324 1308 4379 Herodianus.
1350 4356 1412 4364 —
1450 4332 1548 4380 377
1588 4326 1928 4391 μαχηςάμεθ’
1963 4325 2328 4378 Aristarchus.
