3144 5006
477 407 604 473 282
1393 409 1723 469 ΙΛΙΑΔΟΕ
1781 412 1849 471 Φ.

647 566 737 632 ὣς
780 568 1165 646 Ἀντήνορος
1211 566 1349 632 υἱὸς
1393 565 1674 651 ἀγαυοῦ,
1718 570 1857 633 δῖος
1901 568 2223 652 Ἀγήνωρ,

478 673 602 731 580
646 668 767 733 οὐκ
811 669 1032 734 ἔθελεν
1078 667 1376 752 φεύγειν,
1423 671 1575 748 πρὶν
1620 671 1963 749 πειρήςαιτ’
2007 670 2329 752 Ἀχιλῆος,

647 769 792 834 ἀλλ’
835 769 873 834 ὅ
918 770 977 846 γ’
1020 769 1121 849 ἄρ’
1166 770 1396 836 ἀςπίδα
1441 772 1556 850 μὲν
1600 772 1823 850 πρόςθ’
1867 772 2092 852 ἔςχε-το
2136 773 2404 838 πάντος’
2448 774 2661 856 έίςην,

650 870 861 955 ἐγχείῃ
907 872 963 936 δ’
1008 871 1235 937 αὐτοῖο
1280 871 1603 938 τιτύςκετο
1621 922 1638 955 ,
1683 874 1784 938 καὶ
1828 875 1963 953 μέγ’
2007 873 2211 939 ἀύτει·

820 971 859 1051 ἦ
905 973 984 1051 δή
1030 993 1160 1037 που
1204 973 1349 1053 μάλ’
1392 973 1638 1038 ἔολπας
1684 975 1780 1039 ἑνὶ
1823 977 2010 1056 φρεςὶ
2053 974 2298 1056 φαίδιμ’
2341 976 2633 1056 Ἀχιλλεῦ

647 1074 833 1153 ἤματι
876 1079 1042 1157 τῷδε
1085 1074 1278 1139 πόλιν
1322 1074 1580 1153 πέρςειν
1625 1076 1872 1156 Τρώων
1917 1077 2299 1160 ἀγερώχων,

477 1180 599 1238 585
647 1176 917 1259 νηπύτι’,
962 1175 1001 1255 ἦ
1048 1177 1102 1240 τ’
1144 1177 1238 1241 ἔτι
1281 1178 1499 1242 πολλὰ
1542 1177 1896 1245 τετεύξεται
1937 1178 2118 1255 ἄλγε’
2160 1179 2260 1243 ἐπ’
2304 1177 2483 1262 αὐτῇ.

643 1278 713 1343 ἐν
757 1277 881 1356 γάρ
926 1278 989 1341 οἱ
1031 1278 1268 1344 πολέες
1311 1299 1379 1342 τε
1425 1280 1529 1344 καὶ
1572 1278 1825 1359 ἄλκιμοι
1869 1279 2097 1360 ἀνέρες
2140 1280 2344 1358 εἰμέν,

646 1379 710 1444 οἳ
756 1380 860 1443 καὶ
900 1379 1137 1457 πρόςθε
1185 1370 1399 1458 φίλων
1443 1382 1689 1447 τοκέων
1733 1380 1997 1461 ἀλόχων
2041 1401 2112 1447 τε
2155 1381 2258 1447 καὶ
2302 1381 2468 1448 υἱῶν

642 1481 836 1545 Ἴλιον
882 1481 1280 1561 εἰρυόμεςθα·
1329 1482 1401 1546 ςὺ
1446 1483 1503 1547 δ’
1547 1482 1776 1549 ἐνθάδε
1821 1483 2071 1563 πότμον
2115 1483 2385 1563 ἐφέψεις
2397 1531 2418 1566 ,

648 1581 762 1646 ὧδ’
806 1581 1130 1660 ἔκπαγλος
1174 1583 1304 1649 ἐὼν
1350 1582 1451 1648 καὶ
1495 1584 1844 1664 θαρςαλέος
1887 1585 2285 1664 πολεμιςτής.

482 1690 608 1747 590
820 1683 859 1763 ἦ
908 1683 1017 1763 ῥα,
1064 1686 1169 1749 καὶ
1211 1684 1367 1750 ὀξὺν
1413 1683 1658 1751 ἄκοντα
1703 1686 1953 1767 βαρείης
1998 1686 2210 1764 χειρὸς
2256 1686 2497 1770 ἀφῆκε,

650 1785 751 1850 καί
797 1784 854 1864 ῥ’
897 1784 1086 1864 ἔβαλε
1130 1786 1373 1866 κνήμην
1419 1787 1548 1852 ὑπὸ
1595 1787 1916 1863 γούνατος
1960 1787 2098 1853 οὐδ’
2143 1786 2537 1868 ἀφάμαρτεν.

652 1888 813 1968 ἀμφὶ
858 1888 930 1953 οέ
976 1887 1037 1952 οἱ
1079 1890 1300 1969 κνημὶς
1343 1890 1727 1954 νεοτεύκτου
1772 1891 2161 1969 καςςιτέροιο

599 2038 665 2091 V.
705 2057 753 2095 1..
790 2002 924 2093 —5-79
963 2039 1040 2094 ὡς
1079 2039 1141 2093 A.
1184 2069 1241 2077 —-
1282 2044 1382 2093 580
1417 2016 1580 2094 ἔθελε
1614 2039 1658 2092 Ε
1695 2038 1815 2110 Syr.
1853 2038 2003 2093 Flor.
2041 2040 2198 2094 Rom.
2249 2015 2484 2108 φυγέειν
2521 2036 2662 2098 Ven.
2701 2039 2763 2093 Β.

473 2143 766 2220 πειρήςετζ
802 2140 869 2201 Η.
916 2146 1168 2210 πειρῆςαι
1214 2140 1370 2195 Vrat.
1420 2143 1474 2201 b.
1522 2174 1588 2182 ——
1633 2148 1726 2197 581
1777 2143 1808 2197 ὃ
1854 2145 1975 2264 w&
2006 2139 2364 2198 ACDGHLS.
2414 2122 2593 2199 ΟΓᾹΡ
2641 2141 2765 2212 Syr.

479 2214 565 2277 ὅγ’
601 2212 669 2278 ἂρ
705 2208 853 2279 L1ps.
891 2212 1099 2277 πρόςθε
1137 2211 1300 2276 ςχέτο
1336 2210 1488 2268 Harl.
1527 2210 1687 2269 Vrat.
1724 2211 1776 2265 b.
1816 2213 1881 2268 A.
1979 2229 2085 2268 osc.
2124 2217 2174 2265 2.
2211 2212 2486 2275 πάντοςε,
2532 2215 2660 2280 ῑςην
2696 2212 2763 2269 A.

471 2316 718 2368 πάντοεε
754 2315 878 2381 ιςην
926 2311 1130 2370 DGLS.
1175 2314 1495 2370 ΠΑΝτος’
1529 2294 1731 2370 είςΗΝ
1771 2315 1893 2384 syr.
1940 2346 2001 2354 -
2048 2320 2165 2381 583,
2204 2318 2305 2369 584
2338 2314 2543 2367 absunt
2576 2329 2612 2366 a
2640 2313 2678 2368 s
2720 2332 2763 2374 r,

470 2382 668 2437 relicta
688 2382 907 2435 lacuna.
933 2410 998 2420 -
1036 2386 1134 2435 583
1173 2382 1208 2448 ἦ
1245 2384 1341 2449 δήι
1378 2399 1463 2451 γρ.
1499 2384 1607 2452 ἤδη
1636 2385 1702 2440 A.
1740 2385 1775 2450 ἢ
1813 2385 1883 2453 δή
1915 2401 2033 2467 ’που
2070 2386 2104 2449 ἢ
2130 2385 2249 2467 ,ἤδη
2287 2399 2398 2437 που
2433 2380 2494 2435 Ε.
2531 2384 2614 2436 ἐνι
2640 2386 2686 2436 Α
2747 2425 2761 2438 .

2093 2468 2128 2506 α

470 2520 663 2585 ἀχϊλεΟ
700 2516 758 2576 Ο.
807 2548 863 2557 ·-
917 2522 1016 2571 584
1059 2519 1228 2584 ἤματι
1276 2516 1342 2573 D.
1396 2524 1481 2587 τῷ
1526 2520 1588 2574 δὲ
1622 2518 1687 2575 G.
1740 2455 1950 2587 τρώιιβιν
1985 2523 2154 2577 πόλιν
2190 2520 2410 2587 πέρςειν
2447 2518 2511 2572 D.
2566 2521 2763 2586 πέρςαι

469 2586 629 2640 Vrat.
668 2588 731 2638 A.
770 2587 979 2655 τρῴων
1015 2583 1074 2641 L.
1113 2615 1178 2624 —
1215 2589 1314 2641 585
1349 2587 1384 2652 ἢ
1425 2588 1571 2653 μάλα
1607 2589 1656 2641 A
1691 2586 1843 2642 Harl.
1892 2606 1980 2656 γρ.
2126 2589 2153 2642 έ
2187 2603 2241 2641 τι
2288 2587 2473 2641 πολλὰ
2508 2588 2570 2640 A.
2619 2591 2652 2653 ἦ
2690 2588 2754 2641 τέ

469 2671 523 2708 τι
568 2654 611 2706 L
654 2652 803 2723 L1p8.
862 2653 1065 2708 ΗΤΕΤΙ
1118 2651 1238 2721 Syr.
1297 2655 1389 2719 ἤτ’
1423 2656 1504 2709 ἔτι
1550 2653 1618 2708 Η.
1674 2658 1961 2712 τετεύέεαι
1995 2655 2046 2708 Η
2089 2652 2192 2716 ‚Li
2234 2672 2274 2708 ει.
2311 2654 2466 2707 Harl.
2508 2654 2664 2708 Vrat.
2703 2655 2761 2713 d.

470 2724 647 2778 ἐπαυτ
688 2739 704 2775 ι
741 2724 805 2780 A,
843 2723 1017 2787 αὐτῆς
1064 2719 1129 2773 Li
1172 2738 1213 2773 a.
1265 2722 1346 2775 ἐτ’
1391 2724 1535 2791 αὐτῇ
1584 2722 1738 2781 Vrat.
1787 2723 1839 2777 b.
1887 2756 1951 2763 —
1997 2729 2097 2778 586
2139 2740 2176 2788 γ
2214 2739 2246 2790 ρ
2283 2723 2338 2776 oi
2383 2722 2481 2776 AD
2522 2730 2566 2780 1.
2607 2739 2759 2776 man.

469 2790 611 2844 EGL
687 2806 767 2858 yr.
805 2791 874 2854 γά
944 2792 997 2856 ρ’
1031 2788 1084 2842 οἱ
1168 2831 1180 2866 :
1217 2792 1323 2856 γὰρ
1362 2791 1415 2857 ῥ’
1448 2792 1502 2845 οἱ
1541 2790 1681 2845 Ven.
1720 2789 1783 2846 B.
1832 2794 1939 2860 γάρ
1975 2794 2026 2860 ῥ’
2060 2793 2114 2845 οἱ
2148 2790 2318 2845 Mose.
2357 2796 2404 2844 2.
2441 2791 2547 2859 γάρ
2582 2807 2669 2844 τοι
2708 2790 2759 2843 D

470 2876 539 2912 ex
574 2872 711 2911 corr.
751 2856 843 2911 HS
930 2856 1091 2911 ownl.
1121 2855 1266 2925 Llps.
1309 2857 1462 2911 Vrat.
1490 2857 1544 2911 d.
1583 2860 1782 2926 ἄνδρες
1818 2860 1972 2926 εἰμὲν
2007 2859 2050 2912 L
2073 2858 2218 2928 Lips.
2259 2859 2323 2912 ὲν
2358 2860 2461 2911 ἀλλ
2550 2859 2754 2927 ἄνδρες

465 2929 684 2991 ἔνειμεν
737 2925 878 3046 (god.
934 2927 1179 2990 ἔνειμαν)
1231 2925 1294 2979 A.
1353 2956 1412 2964 -—
1475 2932 1574 2981 587
1622 2927 1679 2981 οἵ
1723 2944 1787 2981 κε
1834 2927 1932 2981 AD
1982 2926 2100 2996 Syr.
2161 2928 2217 2981 οἵ
2266 2943 2362 2980 κεν
2401 2926 2440 2980 C
2497 2925 2650 2980 HLS.
2702 2928 2762 2982 οἱ

470 2997 713 3061 πρόςθεν
797 3032 808 3046 .
847 2993 900 3047 οἳ
937 2996 1025 3046 καί
1063 2991 1270 3048 nullus,
1304 2994 1521 3048 τεκέων
1556 2995 1705 3063 Lips.
1748 2997 1811 3049 τὲ
1847 2994 1915 3048 Η.
1952 2995 2020 3047 τὸ
2057 2997 2278 3050 τοκέων
2314 2995 2542 3059 ἀλόχων
2574 3011 2640 3048 τε
2665 2999 2761 3049 καὶ

472 3065 614 3116 υἱῶν
657 3064 719 3116 ἐν
764 3077 902 3115 τιςιν
946 3062 1312 3126 ἀντιγράφοις
1366 3063 1505 3127 μετὰ
1549 3065 1620 3116 τὸ
1675 3064 1904 3130 ἀλόχων
1960 3065 2071 3131 ἔχει
2115 3063 2375 3125 κείμενον
2417 3062 2487 3114 τὸ
2533 3065 2761 3117 τοκέων

473 3130 625 3183 Euat.
670 3134 932 3206 ¹²52².¹3·
974 3157 1038 3166 --
1077 3134 1174 3182 588
1212 3129 1588 3195 εὐρυςόμεςθα
1625 3129 1718 3185 CG
1759 3130 1897 3185 Ven.
1933 3131 1993 3185 B.
2032 3129 2178 3222 Flpr.
2216 3131 2277 3184 εὐ
2352 3131 2559 3193 όμεςθα
2594 3133 2629 3195 ἠ
2668 3133 2760 3185 εὐ-

470 3195 1719 3333 {2535‘3‘13<fflfl¹f²v‡.{?⁸‘{‚.‘'ffl.2?‘2‘3·.;
1751 3197 2331 3335 32{.?„3⁶.{‘.}‚'0‘{HA5
2371 3199 2619 3320 sssses‘ss‘s
2637 3215 2761 3319 35²5

471 3335 838 3398 ἀντιγράφων
894 3332 1126 3399 παχείης
1173 3332 1356 3398 χειρὸς
1401 3334 1712 3400 γράφουςιν
1757 3333 1910 3387 Euat.
1965 3341 2109 3398 1252,
2147 3340 2228 3387 20.
2275 3336 2459 3399 ἀφῆκε
2504 3331 2753 3388 ACEGH

471 3401 591 3468 Syr.
617 3430 681 3439 —-
720 3406 811 3453 591
854 3401 1149 3466 ἀφάμαρτε
1186 3398 1227 3451 L
1266 3400 1384 3466 Syr.
1412 3431 1475 3440 -—
1513 3407 1612 3456 592
1638 3403 1780 3468 ἀμφι
1807 3400 1966 3459 CDG.
2005 3403 2064 3456 δέ
2100 3418 2220 3467 μινε
2260 3402 2317 3454 δέ
2353 3401 2405 3454 οἱ
2445 3400 2492 3454 Η
2520 3399 2672 3455 Vrat.
2699 3401 2754 3461 d.

506 3509 629 3516 ——-·-

609 3553 672 3606 A.
712 3570 760 3604 o.
832 3556 929 3606 583
966 3552 1113 3605 τινὲς
1146 3552 1215 3604 τὸ
1264 3555 1331 3619 ἥδ
1408 3557 1672 3620 χρονικὸν
1706 3555 2026 3621 ἐκδέχονται
2060 3557 2149 3607 καὶ
2188 3554 2611 3620 παροξύνουςιν,
2648 3556 2758 3609 οὐκ

473 3623 560 3676 εὖ·
601 3623 830 3685 ἄμεινον
865 3621 970 3686 γὰρ
1006 3625 1280 3686 περιςπᾱν
1392 3621 1770 3680 erudianus.
1818 3653 1882 3662 -
1929 3627 2027 3677 586
2063 3624 2255 3690 ἀνέρες
2293 3622 2474 3686 είμένε
2524 3623 2587 3676 ἐν
2630 3628 2756 3677 ταῖς

472 3690 720 3743 πλείοςιν
766 3690 950 3742 οὕτως
996 3688 1235 3757 ἐφέρετο
1279 3691 1478 3757 ἄνδρες
1514 3692 1759 3756 ἔνειμεν,
1809 3693 1899 3744 καὶ
1938 3695 2157 3756 μήποτε
2205 3690 2272 3744 οὐ
2321 3691 2506 3744 καλῶς
2543 3688 2756 3758 Didy-

472 3775 639 3812 mus,
680 3756 813 3810 conf
863 3757 902 3810 Β
943 3761 1055 3809 131.
1100 3757 1137 3811 Ε
1174 3761 1291 3811 477.
1330 3788 1391 3796 -
1439 3762 1537 3810 587
1575 3759 1762 3812 οὕτως
1798 3760 1855 3812 αἱ
1902 3759 2260 3825 Ἀριςτάρχου
2295 3758 2351 3811 οἳ
2386 3761 2475 3812 καὶ
2515 3759 2751 3823 πρόςθε·

471 3829 531 3880 ἐν
567 3842 670 3880 τιςι
704 3827 766 3878 δέ
800 3829 921 3877 τῶν
958 3824 1321 3893 είκαιοτέρων
1357 3825 1413 3878 οἵ
1448 3841 1509 3878 κε
1545 3827 1756 3893 πρόςθε
1793 3824 1975 3880 Schol.
2010 3823 2072 3882 B.
2120 3855 2184 3865 --
2233 3831 2333 3880 588
2369 3827 2627 3892 ἐφέψειςε
2668 3827 2756 3879 Νι-

472 3895 590 3948 κίας
627 3894 959 3959 ἀναςτρέφει
997 3896 1106 3959 τὴν
1142 3896 1431 3960 πρόθεςιν,
1471 3893 1576 3945 οὐκ
1614 3893 1676 3946 εὖ
1712 3892 2159 3947 Herodianus.
2205 3921 2260 3931 —-
2301 3899 2399 3946 592
2435 3894 2497 3947 δέ
2530 3893 2585 3946 οἱ
2620 3892 2758 3946 dedi

473 3977 541 4014 ex
578 3961 735 4014 libris
771 3959 1009 4022 duobus,
1057 3977 1232 4026 quum
1278 3960 1658 4015 accusativum
1705 3961 1978 4030 exemplis
2013 3960 2297 4014 firmatum
2333 3975 2445 4012 non
2482 3960 2757 4026 viderem,

472 4028 571 4083 sed
608 4028 885 4094 dativum,
924 4031 989 4081 ut
1023 4029 1079 4083 Μ
1118 4035 1233 4083 396.
1275 4032 1317 4084 Ν
1360 4034 1475 4082 181.
1512 4029 1560 4083 Ξ
1596 4035 1696 4100 ⁴2120
1728 4031 1872 4095 ἀμφὶ
1909 4031 1970 4084 δέ
2006 4031 2061 4083 οί
2097 4031 2265 4094 βράχε
2301 4030 2522 4095 τεύχεα.
2574 4030 2615 4081 Ν
2654 4034 2758 4084 805

469 4099 611 4164 ἀμφὶ
647 4097 705 4150 δέ
741 4097 794 4151 οἱ
840 4096 1161 4163 κροτάφοιςι
1208 4100 1412 4164 φαεινὴ
1461 4096 1640 4151 ςείετο
1686 4101 1888 4164 πήληξ.
1939 4097 1977 4150 C
2013 4103 2112 4150 205
2163 4098 2305 4162 ἀμφὶ
2343 4097 2404 4150 δὲ
2440 4096 2494 4150 οἱ
2531 4101 2755 4165 κεφαλῇ

473 4165 651 4230 νέφος
686 4167 902 4229 ἔςτεφε.
941 4163 1026 4216 his
1062 4164 1227 4218 valde
1264 4163 1561 4218 dissimiles
1599 4167 1731 4217 sunt
1764 4163 1874 4218 loci
1919 4164 2122 4233 quibus
2159 4162 2512 4218 accusativus
2545 4162 2760 4233 legit-ur

477 4237 539 4284 ut
573 4233 619 4285 Ζ
662 4238 751 4285 117
791 4233 933 4296 ἀμφὶ
969 4233 1029 4285 δέ
1066 4249 1157 4297 μιν
1193 4235 1376 4300 ςφυρὰ
1412 4233 1597 4285 τύπτε
1633 4235 1724 4286 καὶ
1760 4234 1973 4299 αὐχένα
2016 4233 2190 4299 δέρμα
2228 4233 2504 4287 κελαινόν.
2545 4233 2602 4286 Π
2636 4239 2757 4287 414.

472 4304 572 4352 580
608 4301 747 4365 ἀμφὶ
784 4300 847 4352 δέ
884 4315 975 4363 μιν
1028 4302 1108 4365 (δέ
1144 4302 1197 4354 οἱ
1236 4302 1277 4353 Ν
1316 4301 1437 4367 544)
1473 4300 1718 4354 θάνατος
1754 4301 1907 4365 χύτο.
1954 4301 1997 4353 Ω
2033 4306 2134 4355 588
2167 4300 2312 4368 ἀμφὶ
2346 4300 2408 4353 δέ
2444 4315 2538 4365 μιν
2571 4304 2758 4366 φᾶρος

475 4367 652 4422 καλὸν
678 4366 863 4434 βάλεν.
889 4383 926 4434 γ
947 4372 1065 4420 467.
1091 4371 1124 4422 θ
1147 4373 1264 4422 455.
1304 4385 1337 4422 κ
1363 4372 1476 4422 365.
1510 4373 1630 4421 452.
1664 4385 1698 4421 ν
1722 4373 1838 4422 434.
1867 4373 1981 4424 436.
2006 4372 2035 4424 ξ
2060 4373 2177 4423 320.
2205 4373 2323 4423 342.
2347 4385 2392 4435 ψ
2419 4372 2533 4423 155.
2563 4368 2607 4422 Ο
2639 4373 2754 4424 153.
