<?xml version="1.0" encoding="UTF-8"?>
<!DOCTYPE html PUBLIC "-//W3C//DTD XHTML 1.0 Transitional//EN"
    "http://www.w3.org/TR/xhtml1/DTD/xhtml1-transitional.dtd">
<html xmlns="http://www.w3.org/1999/xhtml" xml:lang="en" lang="en">
 <head>
  <title>
</title>
<meta http-equiv="Content-Type" content="text/html;charset=utf-8" />
  <meta name='ocr-system' content='tesseract 3.04.00' />
  <meta name='ocr-capabilities' content='ocr_page ocr_carea ocr_par ocr_line ocrx_word'/>
</head>
<body>
  <div class='ocr_page' id='page_1' title='image "./iliasadfidemlib00homegoog_0629.png"; bbox 0 0 3144 5006; ppageno 0'>
   <div class='ocr_carea' id='block_1_1' title="bbox 1297 438 2681 526">
    <p class='ocr_par' dir='ltr' id='par_1_1' title="bbox 1297 438 2681 526">
     <span class='ocr_line' id='line_1_1' title="bbox 1297 438 2681 526; baseline 0.004 -5"><span class='ocrx_word' id='word_1_1' title='bbox 1297 466 1633 523; x_wconf 83' lang='grc' dir='ltr'>ιΛιΑΔος</span> <span class='ocrx_word' id='word_1_2' title='bbox 1685 464 1802 521; x_wconf 82' lang='lat' dir='ltr'>xx.</span> <span class='ocrx_word' id='word_1_3' title='bbox 2485 438 2507 460; x_wconf 77' lang='lat'>⁸</span> <span class='ocrx_word' id='word_1_4' title='bbox 2554 460 2681 526; x_wconf 86' lang='lat'>249</span> 
     </span>
    </p>
   </div>
   <div class='ocr_carea' id='block_1_2' title="bbox 400 619 2610 2543">
    <p class='ocr_par' dir='ltr' id='par_1_2' title="bbox 569 619 2254 800">
     <span class='ocr_line' id='line_1_2' title="bbox 569 619 2254 699; baseline -0.004 -11"><span class='ocrx_word' id='word_1_5' title='bbox 569 623 627 688; x_wconf 85' lang='grc' dir='ltr'>εἴ</span> <span class='ocrx_word' id='word_1_6' title='bbox 669 624 798 688; x_wconf 89' lang='grc' dir='ltr'>πού</span> <span class='ocrx_word' id='word_1_7' title='bbox 842 644 937 687; x_wconf 88' lang='grc' dir='ltr'>τις</span> <span class='ocrx_word' id='word_1_8' title='bbox 981 625 1084 687; x_wconf 86' lang='grc' dir='ltr'>καὶ</span> <span class='ocrx_word' id='word_1_9' title='bbox 1127 623 1266 699; x_wconf 81' lang='grc' dir='ltr'>ἐμοί</span> <span class='ocrx_word' id='word_1_10' title='bbox 1310 642 1384 697; x_wconf 91' lang='grc' dir='ltr'>γε</span> <span class='ocrx_word' id='word_1_11' title='bbox 1429 626 1597 687; x_wconf 88' lang='grc' dir='ltr'>θεῶν</span> <span class='ocrx_word' id='word_1_12' title='bbox 1643 619 2064 699; x_wconf 75' lang='grc' dir='ltr'>ἐπιτάρροθός</span> <span class='ocrx_word' id='word_1_13' title='bbox 2110 620 2254 684; x_wconf 82' lang='grc' dir='ltr'>ἐςτι.</span> 
     </span>
     <span class='ocr_line' id='line_1_3' title="bbox 571 723 2233 800; baseline -0.007 -8"><span class='ocrx_word' id='word_1_14' title='bbox 571 730 689 791; x_wconf 84' lang='grc' dir='ltr'>νῦν</span> <span class='ocrx_word' id='word_1_15' title='bbox 733 724 815 791; x_wconf 84' lang='grc' dir='ltr'>αὖ</span> <span class='ocrx_word' id='word_1_16' title='bbox 858 726 1011 789; x_wconf 87' lang='grc' dir='ltr'>τοὺς</span> <span class='ocrx_word' id='word_1_17' title='bbox 1056 724 1298 789; x_wconf 86' lang='grc' dir='ltr'>ἄλλους</span> <span class='ocrx_word' id='word_1_18' title='bbox 1341 724 1717 800; x_wconf 85' lang='grc' dir='ltr'>ἐπιείςομαι,</span> <span class='ocrx_word' id='word_1_19' title='bbox 1763 723 1843 789; x_wconf 86' lang='grc' dir='ltr'>ὅν</span> <span class='ocrx_word' id='word_1_20' title='bbox 1888 744 1958 788; x_wconf 91' lang='grc' dir='ltr'>κε</span> <span class='ocrx_word' id='word_1_21' title='bbox 2001 723 2233 800; x_wconf 88' lang='grc' dir='ltr'>κιχείω.</span> 
     </span>
    </p>

    <p class='ocr_par' dir='ltr' id='par_1_3' title="bbox 400 824 2610 1318">
     <span class='ocr_line' id='line_1_4' title="bbox 400 824 2610 906; baseline -0.001 -17"><span class='ocrx_word' id='word_1_22' title='bbox 400 832 523 892; x_wconf 90' lang='grc'>455</span> <span class='ocrx_word' id='word_1_23' title='bbox 739 829 826 893; x_wconf 85' lang='grc' dir='ltr'>ὣς</span> <span class='ocrx_word' id='word_1_24' title='bbox 872 828 1073 893; x_wconf 84' lang='grc' dir='ltr'>εἰπὼν</span> <span class='ocrx_word' id='word_1_25' title='bbox 1116 827 1376 906; x_wconf 83' lang='grc' dir='ltr'><strong>Δρύοπ’</strong></span> <span class='ocrx_word' id='word_1_26' title='bbox 1418 826 1581 891; x_wconf 83' lang='grc' dir='ltr'>οὖτα</span> <span class='ocrx_word' id='word_1_27' title='bbox 1623 828 1757 891; x_wconf 75' lang='grc' dir='ltr'>κατ’</span> <span class='ocrx_word' id='word_1_28' title='bbox 1800 825 2043 904; x_wconf 84' lang='grc' dir='ltr'>αὐχένα</span> <span class='ocrx_word' id='word_1_29' title='bbox 2086 826 2311 903; x_wconf 90' lang='grc' dir='ltr'>με’ςςον</span> <span class='ocrx_word' id='word_1_30' title='bbox 2358 824 2610 888; x_wconf 86' lang='grc' dir='ltr'>ἄκοντι·</span> 
     </span>
     <span class='ocr_line' id='line_1_5' title="bbox 568 927 2401 1009; baseline -0.003 -14"><span class='ocrx_word' id='word_1_31' title='bbox 568 929 755 1008; x_wconf 86' lang='grc' dir='ltr'>ἤριπε</span> <span class='ocrx_word' id='word_1_32' title='bbox 801 931 871 995; x_wconf 82' lang='grc' dir='ltr'>δὲ</span> <span class='ocrx_word' id='word_1_33' title='bbox 915 928 1320 1009; x_wconf 84' lang='grc' dir='ltr'>προπάροιθε</span> <span class='ocrx_word' id='word_1_34' title='bbox 1363 932 1610 996; x_wconf 87' lang='grc' dir='ltr'>ποδῶν.</span> <span class='ocrx_word' id='word_1_35' title='bbox 1700 930 1738 994; x_wconf 88' lang='grc' dir='ltr'>ὃ</span> <span class='ocrx_word' id='word_1_36' title='bbox 1783 930 1856 992; x_wconf 80' lang='grc' dir='ltr'>δὲ</span> <span class='ocrx_word' id='word_1_37' title='bbox 1899 927 2015 992; x_wconf 86' lang='grc' dir='ltr'>τὸν</span> <span class='ocrx_word' id='word_1_38' title='bbox 2061 928 2177 1004; x_wconf 77' lang='grc' dir='ltr'>μὲν</span> <span class='ocrx_word' id='word_1_39' title='bbox 2224 927 2401 1007; x_wconf 78' lang='grc' dir='ltr'>ἐαςε,</span> 
     </span>
     <span class='ocr_line' id='line_1_6' title="bbox 572 1030 2213 1111; baseline -0.001 -17"><span class='ocrx_word' id='word_1_40' title='bbox 572 1031 929 1110; x_wconf 83' lang='grc' dir='ltr'>Δημοῦχον</span> <span class='ocrx_word' id='word_1_41' title='bbox 974 1032 1046 1096; x_wconf 78' lang='grc' dir='ltr'>δὲ</span> <span class='ocrx_word' id='word_1_42' title='bbox 1090 1030 1546 1110; x_wconf 83' lang='grc' dir='ltr'>Φιλητορίδην,</span> <span class='ocrx_word' id='word_1_43' title='bbox 1592 1030 1712 1108; x_wconf 85' lang='grc' dir='ltr'>ἠύν</span> <span class='ocrx_word' id='word_1_44' title='bbox 1758 1051 1827 1096; x_wconf 89' lang='grc' dir='ltr'>τε</span> <span class='ocrx_word' id='word_1_45' title='bbox 1870 1030 2070 1109; x_wconf 85' lang='grc' dir='ltr'>μέγαν</span> <span class='ocrx_word' id='word_1_46' title='bbox 2113 1049 2213 1111; x_wconf 86' lang='grc' dir='ltr'>τε,</span> 
     </span>
     <span class='ocr_line' id='line_1_7' title="bbox 568 1130 2325 1216; baseline -0.002 -18"><span class='ocrx_word' id='word_1_47' title='bbox 568 1134 689 1209; x_wconf 87' lang='grc' dir='ltr'>κὰγ</span> <span class='ocrx_word' id='word_1_48' title='bbox 732 1133 895 1210; x_wconf 85' lang='grc' dir='ltr'>γόνυ</span> <span class='ocrx_word' id='word_1_49' title='bbox 939 1135 1123 1212; x_wconf 88' lang='grc' dir='ltr'>δουρὶ</span> <span class='ocrx_word' id='word_1_50' title='bbox 1170 1135 1386 1213; x_wconf 83' lang='grc' dir='ltr'>βαλὼν</span> <span class='ocrx_word' id='word_1_51' title='bbox 1429 1132 1740 1216; x_wconf 83' lang='grc' dir='ltr'>ἠρύκακε,</span> <span class='ocrx_word' id='word_1_52' title='bbox 1785 1134 1901 1198; x_wconf 88' lang='grc' dir='ltr'>τὸν</span> <span class='ocrx_word' id='word_1_53' title='bbox 1945 1134 2061 1212; x_wconf 78' lang='grc' dir='ltr'>μὲν</span> <span class='ocrx_word' id='word_1_54' title='bbox 2106 1130 2325 1196; x_wconf 86' lang='grc' dir='ltr'>ἔπειτα</span> 
     </span>
     <span class='ocr_line' id='line_1_8' title="bbox 568 1234 1981 1318; baseline -0.002 -18"><span class='ocrx_word' id='word_1_55' title='bbox 568 1235 864 1303; x_wconf 84' lang='grc' dir='ltr'>οὐτάζων</span> <span class='ocrx_word' id='word_1_56' title='bbox 908 1235 1079 1315; x_wconf 79' lang='grc' dir='ltr'>Ξίφεῖ</span> <span class='ocrx_word' id='word_1_57' title='bbox 1122 1236 1381 1318; x_wconf 84' lang='grc' dir='ltr'>μεγάλῳ</span> <span class='ocrx_word' id='word_1_58' title='bbox 1427 1235 1715 1303; x_wconf 84' lang='grc' dir='ltr'>ἐξαίνυτο</span> <span class='ocrx_word' id='word_1_59' title='bbox 1759 1234 1981 1314; x_wconf 90' lang='grc' dir='ltr'>θυμόν.</span> 
     </span>
    </p>

    <p class='ocr_par' dir='ltr' id='par_1_4' title="bbox 401 1337 2474 1828">
     <span class='ocr_line' id='line_1_9' title="bbox 401 1337 2315 1418; baseline 0.001 -19"><span class='ocrx_word' id='word_1_60' title='bbox 401 1343 527 1403; x_wconf 88' lang='grc'>460</span> <span class='ocrx_word' id='word_1_61' title='bbox 569 1338 773 1416; x_wconf 86' lang='grc' dir='ltr'>αὐτὰρ</span> <span class='ocrx_word' id='word_1_62' title='bbox 819 1337 856 1402; x_wconf 90' lang='grc' dir='ltr'><strong><em>ὃ</em></strong></span> <span class='ocrx_word' id='word_1_63' title='bbox 903 1337 1244 1414; x_wconf 88' lang='grc' dir='ltr'>Λαόγονον</span> <span class='ocrx_word' id='word_1_64' title='bbox 1288 1340 1391 1403; x_wconf 83' lang='grc' dir='ltr'>καὶ</span> <span class='ocrx_word' id='word_1_65' title='bbox 1431 1339 1819 1418; x_wconf 88' lang='grc' dir='ltr'>Δάρδανον,</span> <span class='ocrx_word' id='word_1_66' title='bbox 1870 1338 1965 1403; x_wconf 83' lang='grc' dir='ltr'>υἷε</span> <span class='ocrx_word' id='word_1_67' title='bbox 2014 1337 2315 1418; x_wconf 85' lang='grc' dir='ltr'>Βίαντος,</span> 
     </span>
     <span class='ocr_line' id='line_1_10' title="bbox 570 1439 2058 1524; baseline 0 -20"><span class='ocrx_word' id='word_1_68' title='bbox 570 1439 766 1520; x_wconf 87' lang='grc' dir='ltr'>ἄμφω</span> <span class='ocrx_word' id='word_1_69' title='bbox 812 1441 1200 1520; x_wconf 84' lang='grc' dir='ltr'>ἐφορμηθεὶς</span> <span class='ocrx_word' id='word_1_70' title='bbox 1244 1441 1308 1508; x_wconf 80' lang='grc' dir='ltr'>ἐξ</span> <span class='ocrx_word' id='word_1_71' title='bbox 1350 1441 1574 1506; x_wconf 84' lang='grc' dir='ltr'>ἵππων</span> <span class='ocrx_word' id='word_1_72' title='bbox 1620 1439 1743 1507; x_wconf 82' lang='grc' dir='ltr'>ὧςε</span> <span class='ocrx_word' id='word_1_73' title='bbox 1786 1442 2058 1524; x_wconf 83' lang='grc' dir='ltr'>χαμᾶζε,</span> 
     </span>
     <span class='ocr_line' id='line_1_11' title="bbox 569 1540 2381 1627; baseline -0.002 -21"><span class='ocrx_word' id='word_1_74' title='bbox 569 1543 686 1606; x_wconf 88' lang='grc' dir='ltr'>τὸν</span> <span class='ocrx_word' id='word_1_75' title='bbox 732 1543 848 1621; x_wconf 82' lang='grc' dir='ltr'>μὲν</span> <span class='ocrx_word' id='word_1_76' title='bbox 893 1543 1076 1622; x_wconf 79' lang='grc' dir='ltr'>δουρὶ</span> <span class='ocrx_word' id='word_1_77' title='bbox 1122 1544 1369 1627; x_wconf 82' lang='grc' dir='ltr'>βαλών,</span> <span class='ocrx_word' id='word_1_78' title='bbox 1413 1544 1531 1609; x_wconf 88' lang='grc' dir='ltr'>τὸν</span> <span class='ocrx_word' id='word_1_79' title='bbox 1577 1544 1649 1608; x_wconf 77' lang='grc' dir='ltr'>δὲ</span> <span class='ocrx_word' id='word_1_80' title='bbox 1692 1544 1920 1622; x_wconf 89' lang='grc' dir='ltr'>ςχεδὸν</span> <span class='ocrx_word' id='word_1_81' title='bbox 1965 1541 2113 1620; x_wconf 88' lang='grc' dir='ltr'>ἄορι</span> <span class='ocrx_word' id='word_1_82' title='bbox 2155 1540 2381 1620; x_wconf 87' lang='grc' dir='ltr'>τύψας.</span> 
     </span>
     <span class='ocr_line' id='line_1_12' title="bbox 574 1644 2474 1723; baseline 0 -14"><span class='ocrx_word' id='word_1_83' title='bbox 574 1645 769 1723; x_wconf 83' lang='grc' dir='ltr'>Τρῶα</span> <span class='ocrx_word' id='word_1_84' title='bbox 813 1645 869 1709; x_wconf 79' lang='grc' dir='ltr'>δ’</span> <span class='ocrx_word' id='word_1_85' title='bbox 914 1645 1394 1723; x_wconf 83' lang='grc' dir='ltr'>Ἀλαςτορίδην·</span> <span class='ocrx_word' id='word_1_86' title='bbox 1439 1646 1477 1709; x_wconf 89' lang='grc' dir='ltr'>ὃ</span> <span class='ocrx_word' id='word_1_87' title='bbox 1523 1647 1639 1723; x_wconf 82' lang='grc' dir='ltr'>μὲν</span> <span class='ocrx_word' id='word_1_88' title='bbox 1684 1645 1902 1711; x_wconf 91' lang='grc' dir='ltr'>ἀντίος</span> <span class='ocrx_word' id='word_1_89' title='bbox 1943 1644 2138 1722; x_wconf 90' lang='grc' dir='ltr'>ἤλυθε</span> <span class='ocrx_word' id='word_1_90' title='bbox 2181 1644 2474 1720; x_wconf 84' lang='grc' dir='ltr'>γούνων,</span> 
     </span>
     <span class='ocr_line' id='line_1_13' title="bbox 574 1744 2277 1828; baseline -0.001 -18"><span class='ocrx_word' id='word_1_91' title='bbox 574 1745 633 1810; x_wconf 83' lang='grc' dir='ltr'>εἴ</span> <span class='ocrx_word' id='word_1_92' title='bbox 675 1767 817 1812; x_wconf 91' lang='grc' dir='ltr'>πως</span> <span class='ocrx_word' id='word_1_93' title='bbox 863 1745 935 1811; x_wconf 86' lang='grc' dir='ltr'>εὗ</span> <span class='ocrx_word' id='word_1_94' title='bbox 979 1747 1351 1828; x_wconf 84' lang='grc' dir='ltr'>πεφίδοιτο,</span> <span class='ocrx_word' id='word_1_95' title='bbox 1400 1748 1646 1826; x_wconf 83' lang='grc' dir='ltr'>λαβών,</span> <span class='ocrx_word' id='word_1_96' title='bbox 1692 1748 1796 1811; x_wconf 90' lang='grc' dir='ltr'>καὶ</span> <span class='ocrx_word' id='word_1_97' title='bbox 1837 1748 2009 1812; x_wconf 88' lang='grc' dir='ltr'>ζωὸν</span> <span class='ocrx_word' id='word_1_98' title='bbox 2054 1744 2277 1827; x_wconf 83' lang='grc' dir='ltr'>ἀφείη,</span> 
     </span>
    </p>

    <p class='ocr_par' dir='ltr' id='par_1_5' title="bbox 404 1848 2508 2342">
     <span class='ocr_line' id='line_1_14' title="bbox 404 1848 2192 1931; baseline 0.002 -21"><span class='ocrx_word' id='word_1_99' title='bbox 404 1853 527 1911; x_wconf 85' lang='grc'>465</span> <span class='ocrx_word' id='word_1_100' title='bbox 572 1851 728 1926; x_wconf 80' lang='grc' dir='ltr'>μηδὲ</span> <span class='ocrx_word' id='word_1_101' title='bbox 771 1849 1232 1914; x_wconf 88' lang='grc' dir='ltr'>κατακτείνειεν</span> <span class='ocrx_word' id='word_1_102' title='bbox 1271 1848 1599 1929; x_wconf 83' lang='grc' dir='ltr'>ὁμηλικίην</span> <span class='ocrx_word' id='word_1_103' title='bbox 1645 1848 1937 1931; x_wconf 81' lang='grc' dir='ltr'>ἐλεήςας,</span> <span class='ocrx_word' id='word_1_104' title='bbox 2185 1848 2192 1855; x_wconf 72' lang='grc'><strong>”</strong></span> 
     </span>
     <span class='ocr_line' id='line_1_15' title="bbox 571 1951 2258 2036; baseline 0 -22"><span class='ocrx_word' id='word_1_105' title='bbox 571 1951 831 2033; x_wconf 85' lang='grc' dir='ltr'>νήπιος,</span> <span class='ocrx_word' id='word_1_106' title='bbox 877 1951 1031 2016; x_wconf 79' lang='grc' dir='ltr'>οὐδὲ</span> <span class='ocrx_word' id='word_1_107' title='bbox 1075 1953 1151 2016; x_wconf 87' lang='grc' dir='ltr'>τὸ</span> <span class='ocrx_word' id='word_1_108' title='bbox 1198 1952 1348 2036; x_wconf 87' lang='grc' dir='ltr'>ᾔδη,</span> <span class='ocrx_word' id='word_1_109' title='bbox 1396 1952 1433 2016; x_wconf 89' lang='grc' dir='ltr'>ὃ</span> <span class='ocrx_word' id='word_1_110' title='bbox 1483 1951 1563 2017; x_wconf 88' lang='grc' dir='ltr'>οὐ</span> <span class='ocrx_word' id='word_1_111' title='bbox 1608 1951 1919 2016; x_wconf 91' lang='grc' dir='ltr'>πείςεςθαι</span> <span class='ocrx_word' id='word_1_112' title='bbox 1962 1951 2258 2032; x_wconf 84' lang='grc' dir='ltr'>ἔμελλεν·</span> 
     </span>
     <span class='ocr_line' id='line_1_16' title="bbox 580 2051 2359 2134; baseline 0.001 -19"><span class='ocrx_word' id='word_1_113' title='bbox 580 2052 659 2115; x_wconf 87' lang='grc' dir='ltr'>οὐ</span> <span class='ocrx_word' id='word_1_114' title='bbox 703 2052 826 2131; x_wconf 89' lang='grc' dir='ltr'>γάρ</span> <span class='ocrx_word' id='word_1_115' title='bbox 871 2074 928 2117; x_wconf 91' lang='grc' dir='ltr'>τι</span> <span class='ocrx_word' id='word_1_116' title='bbox 971 2054 1370 2131; x_wconf 83' lang='grc' dir='ltr'>γλυκύθυμος</span> <span class='ocrx_word' id='word_1_117' title='bbox 1416 2054 1579 2134; x_wconf 86' lang='grc' dir='ltr'>ἀνὴρ</span> <span class='ocrx_word' id='word_1_118' title='bbox 1624 2052 1703 2132; x_wconf 89' lang='grc' dir='ltr'>ἧν</span> <span class='ocrx_word' id='word_1_119' title='bbox 1749 2052 1889 2118; x_wconf 80' lang='grc' dir='ltr'>οὐδ’</span> <span class='ocrx_word' id='word_1_120' title='bbox 1931 2051 2359 2132; x_wconf 89' lang='grc' dir='ltr'>ἀγανόφρων,</span> 
     </span>
     <span class='ocr_line' id='line_1_17' title="bbox 573 2153 2508 2237; baseline 0 -21"><span class='ocrx_word' id='word_1_121' title='bbox 573 2153 740 2218; x_wconf 89' lang='grc' dir='ltr'>ἀλλὰ</span> <span class='ocrx_word' id='word_1_122' title='bbox 783 2154 928 2233; x_wconf 76' lang='grc' dir='ltr'>μάλ’</span> <span class='ocrx_word' id='word_1_123' title='bbox 971 2155 1319 2235; x_wconf 84' lang='grc' dir='ltr'>ἐμμεμαώς.</span> <span class='ocrx_word' id='word_1_124' title='bbox 1411 2156 1449 2219; x_wconf 91' lang='grc' dir='ltr'>ὃ</span> <span class='ocrx_word' id='word_1_125' title='bbox 1494 2156 1610 2235; x_wconf 78' lang='grc' dir='ltr'>μὲν</span> <span class='ocrx_word' id='word_1_126' title='bbox 1655 2155 1895 2234; x_wconf 85' lang='grc' dir='ltr'>ἥπτετο</span> <span class='ocrx_word' id='word_1_127' title='bbox 1940 2153 2168 2233; x_wconf 87' lang='grc' dir='ltr'>χείρεςι</span> <span class='ocrx_word' id='word_1_128' title='bbox 2210 2154 2508 2237; x_wconf 80' lang='grc' dir='ltr'>γούνων,</span> 
     </span>
     <span class='ocr_line' id='line_1_18' title="bbox 567 2255 2328 2342; baseline -0.001 -22"><span class='ocrx_word' id='word_1_129' title='bbox 567 2255 816 2333; x_wconf 82' lang='grc' dir='ltr'>ἱέμενος</span> <span class='ocrx_word' id='word_1_130' title='bbox 865 2258 1137 2332; x_wconf 82' lang='grc' dir='ltr'>λίςςεςθ’,</span> <span class='ocrx_word' id='word_1_131' title='bbox 1184 2258 1222 2322; x_wconf 89' lang='grc' dir='ltr'><strong><em>ὃ</em></strong></span> <span class='ocrx_word' id='word_1_132' title='bbox 1268 2260 1339 2323; x_wconf 74' lang='grc' dir='ltr'>δὲ</span> <span class='ocrx_word' id='word_1_133' title='bbox 1385 2259 1698 2342; x_wconf 87' lang='grc' dir='ltr'>φαςγάνῳ</span> <span class='ocrx_word' id='word_1_134' title='bbox 1744 2256 1904 2322; x_wconf 85' lang='grc' dir='ltr'>οὖτα</span> <span class='ocrx_word' id='word_1_135' title='bbox 1946 2258 2081 2322; x_wconf 78' lang='grc' dir='ltr'>καθ&gt;</span> <span class='ocrx_word' id='word_1_136' title='bbox 2126 2256 2328 2335; x_wconf 62' lang='lat' dir='ltr'><strong>fiunto·</strong></span> 
     </span>
    </p>

    <p class='ocr_par' dir='ltr' id='par_1_6' title="bbox 402 2358 2489 2543">
     <span class='ocr_line' id='line_1_19' title="bbox 402 2358 2489 2443; baseline 0 -22"><span class='ocrx_word' id='word_1_137' title='bbox 402 2363 530 2422; x_wconf 83' lang='lat'>470</span> <span class='ocrx_word' id='word_1_138' title='bbox 575 2358 645 2422; x_wconf 81' lang='grc' dir='ltr'>ἐκ</span> <span class='ocrx_word' id='word_1_139' title='bbox 688 2360 759 2423; x_wconf 84' lang='grc' dir='ltr'>δέ</span> <span class='ocrx_word' id='word_1_140' title='bbox 804 2359 866 2423; x_wconf 80' lang='grc' dir='ltr'>οἱ</span> <span class='ocrx_word' id='word_1_141' title='bbox 908 2359 1082 2439; x_wconf 84' lang='grc' dir='ltr'>ἧπαρ</span> <span class='ocrx_word' id='word_1_142' title='bbox 1128 2359 1415 2443; x_wconf 82' lang='grc' dir='ltr'>ὄλιςθεν,</span> <span class='ocrx_word' id='word_1_143' title='bbox 1462 2361 1624 2439; x_wconf 88' lang='grc' dir='ltr'>ἀτάρ</span> <span class='ocrx_word' id='word_1_144' title='bbox 1670 2360 1870 2440; x_wconf 85' lang='grc' dir='ltr'>μέλαν</span> <span class='ocrx_word' id='word_1_145' title='bbox 1916 2359 2068 2439; x_wconf 81' lang='grc' dir='ltr'>αἷμα</span> <span class='ocrx_word' id='word_1_146' title='bbox 2110 2360 2244 2424; x_wconf 80' lang='grc' dir='ltr'>κατ’</span> <span class='ocrx_word' id='word_1_147' title='bbox 2289 2358 2489 2422; x_wconf 85' lang='grc' dir='ltr'>αὐτοῦ</span> 
     </span>
     <span class='ocr_line' id='line_1_20' title="bbox 577 2461 2280 2543; baseline -0.001 -17"><span class='ocrx_word' id='word_1_148' title='bbox 577 2461 827 2527; x_wconf 88' lang='grc' dir='ltr'>κόλπον</span> <span class='ocrx_word' id='word_1_149' title='bbox 873 2462 1248 2543; x_wconf 81' lang='grc' dir='ltr'>ἐνέπληςεν·</span> <span class='ocrx_word' id='word_1_150' title='bbox 1288 2462 1411 2540; x_wconf 40' lang='grc' dir='ltr'>,τὸν</span> <span class='ocrx_word' id='word_1_151' title='bbox 1457 2464 1528 2528; x_wconf 78' lang='grc' dir='ltr'>δὲ</span> <span class='ocrx_word' id='word_1_152' title='bbox 1574 2463 1796 2529; x_wconf 91' lang='grc' dir='ltr'>ςκότος</span> <span class='ocrx_word' id='word_1_153' title='bbox 1841 2463 1986 2529; x_wconf 85' lang='grc' dir='ltr'>ὄςςε</span> <span class='ocrx_word' id='word_1_154' title='bbox 2031 2461 2280 2541; x_wconf 83' lang='grc' dir='ltr'>κάλυψε</span> 
     </span>
    </p>
   </div>
   <div class='ocr_carea' id='block_1_3' title="bbox 404 2586 807 2594">
    <p class='ocr_par' dir='ltr' id='par_1_7' title="bbox 404 2586 807 2594">
     <span class='ocr_line' id='line_1_21' title="bbox 404 2586 807 2594; baseline 0 2412"><span class='ocrx_word' id='word_1_155' title='bbox 404 2586 807 2594; x_wconf 95' lang='lat' dir='ltr'> </span> 
     </span>
    </p>
   </div>
   <div class='ocr_carea' id='block_1_4' title="bbox 399 2628 2688 3450">
    <p class='ocr_par' dir='ltr' id='par_1_8' title="bbox 399 2628 2688 3450">
     <span class='ocr_line' id='line_1_22' title="bbox 540 2628 2684 2696; baseline -0.001 -14"><span class='ocrx_word' id='word_1_156' title='bbox 540 2628 607 2683; x_wconf 88' lang='lat' dir='ltr'>V.</span> <span class='ocrx_word' id='word_1_157' title='bbox 646 2649 693 2683; x_wconf 79' lang='lat'><strong>1..</strong></span> <span class='ocrx_word' id='word_1_158' title='bbox 766 2635 866 2684; x_wconf 88' lang='grc'>453</span> <span class='ocrx_word' id='word_1_159' title='bbox 903 2631 956 2685; x_wconf 82' lang='grc' dir='ltr'>εἶ</span> <span class='ocrx_word' id='word_1_160' title='bbox 991 2649 1102 2685; x_wconf 88' lang='grc' dir='ltr'>που</span> <span class='ocrx_word' id='word_1_161' title='bbox 1139 2649 1222 2685; x_wconf 85' lang='grc' dir='ltr'>τις</span> <span class='ocrx_word' id='word_1_162' title='bbox 1258 2631 1517 2685; x_wconf 73' lang='lat' dir='ltr'><strong>ACDGL.</strong></span> <span class='ocrx_word' id='word_1_163' title='bbox 1565 2632 1618 2687; x_wconf 76' lang='grc' dir='ltr'>εἴ</span> <span class='ocrx_word' id='word_1_164' title='bbox 1653 2651 1763 2686; x_wconf 89' lang='grc' dir='ltr'>που</span> <span class='ocrx_word' id='word_1_165' title='bbox 1799 2636 1885 2687; x_wconf 80' lang='grc' dir='ltr'>τῖς</span> <span class='ocrx_word' id='word_1_166' title='bbox 1922 2632 1990 2688; x_wconf 90' lang='lat' dir='ltr'>H.</span> <span class='ocrx_word' id='word_1_167' title='bbox 2038 2633 2225 2696; x_wconf 81' lang='grc' dir='ltr'>ἔμοιγε</span> <span class='ocrx_word' id='word_1_168' title='bbox 2262 2629 2405 2683; x_wconf 86' lang='lat' dir='ltr'>libri.</span> <span class='ocrx_word' id='word_1_169' title='bbox 2454 2630 2586 2684; x_wconf 85' lang='grc' dir='ltr'>θεὸς</span> <span class='ocrx_word' id='word_1_170' title='bbox 2621 2628 2684 2681; x_wconf 88' lang='grc' dir='ltr'>Ε.</span> 
     </span>
     <span class='ocr_line' id='line_1_23' title="bbox 401 2699 2687 2769; baseline -0.001 -15"><span class='ocrx_word' id='word_1_171' title='bbox 401 2699 768 2764; x_wconf 80' lang='grc' dir='ltr'>ἐπιτάρροθος</span> <span class='ocrx_word' id='word_1_172' title='bbox 805 2699 920 2754; x_wconf 79' lang='grc' dir='ltr'>ἑςτὶ</span> <span class='ocrx_word' id='word_1_173' title='bbox 958 2699 1021 2752; x_wconf 80' lang='lat' dir='ltr'><strong>G.</strong></span> <span class='ocrx_word' id='word_1_174' title='bbox 1070 2701 1181 2754; x_wconf 80' lang='grc' dir='ltr'>ἑςτι</span> <span class='ocrx_word' id='word_1_175' title='bbox 1218 2699 1361 2754; x_wconf 87' lang='lat' dir='ltr'><strong>ACD</strong></span> <span class='ocrx_word' id='word_1_176' title='bbox 1399 2700 1519 2768; x_wconf 80' lang='lat' dir='ltr'><strong>Syr.</strong></span> <span class='ocrx_word' id='word_1_177' title='bbox 1563 2701 1650 2766; x_wconf 85' lang='grc' dir='ltr'>εἴη</span> <span class='ocrx_word' id='word_1_178' title='bbox 1699 2700 1741 2753; x_wconf 99' lang='lat' dir='ltr'>L</span> <span class='ocrx_word' id='word_1_179' title='bbox 1787 2700 1932 2769; x_wconf 73' lang='lat' dir='ltr'><strong>Lipu.</strong></span> <span class='ocrx_word' id='word_1_180' title='bbox 1971 2699 2129 2753; x_wconf 76' lang='lat' dir='ltr'><strong>Vrat.</strong></span> <span class='ocrx_word' id='word_1_181' title='bbox 2168 2699 2222 2756; x_wconf 83' lang='lat' dir='ltr'><strong>b.</strong></span> <span class='ocrx_word' id='word_1_182' title='bbox 2261 2700 2324 2752; x_wconf 94' lang='lat' dir='ltr'>A.</span> <span class='ocrx_word' id='word_1_183' title='bbox 2371 2728 2426 2736; x_wconf 93' lang='lat'>—</span> <span class='ocrx_word' id='word_1_184' title='bbox 2480 2703 2580 2752; x_wconf 87' lang='grc'>454</span> <span class='ocrx_word' id='word_1_185' title='bbox 2616 2701 2687 2751; x_wconf 85' lang='grc' dir='ltr'>αὖ</span> 
     </span>
     <span class='ocr_line' id='line_1_24' title="bbox 399 2766 2688 2833; baseline -0.001 -12"><span class='ocrx_word' id='word_1_186' title='bbox 399 2769 532 2822; x_wconf 83' lang='grc' dir='ltr'>τοὺς</span> <span class='ocrx_word' id='word_1_187' title='bbox 567 2768 774 2822; x_wconf 79' lang='grc' dir='ltr'>ἄλλους</span> <span class='ocrx_word' id='word_1_188' title='bbox 808 2766 961 2820; x_wconf 77' lang='lat' dir='ltr'><strong>Harl.</strong></span> <span class='ocrx_word' id='word_1_189' title='bbox 993 2766 1143 2824; x_wconf 71' lang='lat' dir='ltr'><strong>Vrat.</strong></span> <span class='ocrx_word' id='word_1_190' title='bbox 1180 2768 1235 2825; x_wconf 92' lang='lat' dir='ltr'><strong>b.</strong></span> <span class='ocrx_word' id='word_1_191' title='bbox 1274 2767 1336 2824; x_wconf 87' lang='lat' dir='ltr'>A.</span> <span class='ocrx_word' id='word_1_192' title='bbox 1373 2767 1542 2822; x_wconf 75' lang='lat' dir='ltr'><strong>Mosc.</strong></span> <span class='ocrx_word' id='word_1_193' title='bbox 1570 2777 1617 2821; x_wconf 75' lang='grc'>2.</span> <span class='ocrx_word' id='word_1_194' title='bbox 1654 2771 1789 2822; x_wconf 85' lang='grc' dir='ltr'>τοὺς</span> <span class='ocrx_word' id='word_1_195' title='bbox 1826 2770 2031 2822; x_wconf 85' lang='grc' dir='ltr'>ἄλλους</span> <span class='ocrx_word' id='word_1_196' title='bbox 2057 2766 2116 2823; x_wconf 83' lang='grc' dir='ltr'>Ε.</span> <span class='ocrx_word' id='word_1_197' title='bbox 2153 2770 2202 2821; x_wconf 87' lang='grc' dir='ltr'>δ’</span> <span class='ocrx_word' id='word_1_198' title='bbox 2239 2768 2444 2821; x_wconf 82' lang='grc' dir='ltr'>ἄλλους</span> <span class='ocrx_word' id='word_1_199' title='bbox 2479 2768 2688 2833; x_wconf 85' lang='grc' dir='ltr'>τρώων</span> 
     </span>
     <span class='ocr_line' id='line_1_25' title="bbox 401 2833 2686 2904; baseline -0 -16"><span class='ocrx_word' id='word_1_200' title='bbox 401 2833 656 2888; x_wconf 87' lang='lat' dir='ltr'><strong>ACDGH</strong></span> <span class='ocrx_word' id='word_1_201' title='bbox 692 2834 811 2902; x_wconf 84' lang='lat' dir='ltr'><strong>Syr.</strong></span> <span class='ocrx_word' id='word_1_202' title='bbox 859 2837 911 2888; x_wconf 79' lang='grc' dir='ltr'>δ’</span> <span class='ocrx_word' id='word_1_203' title='bbox 945 2837 1150 2890; x_wconf 79' lang='grc' dir='ltr'>ἄλλους</span> <span class='ocrx_word' id='word_1_204' title='bbox 1186 2843 1373 2903; x_wconf 80' lang='grc' dir='ltr'>τρῴας</span> <span class='ocrx_word' id='word_1_205' title='bbox 1412 2835 1468 2888; x_wconf 91' lang='lat' dir='ltr'><strong>L.</strong></span> <span class='ocrx_word' id='word_1_206' title='bbox 1515 2838 1566 2891; x_wconf 83' lang='grc' dir='ltr'>δ’</span> <span class='ocrx_word' id='word_1_207' title='bbox 1611 2838 1818 2892; x_wconf 83' lang='grc' dir='ltr'>ἄλλους</span> <span class='ocrx_word' id='word_1_208' title='bbox 1862 2842 2049 2904; x_wconf 84' lang='grc' dir='ltr'>τρῶας</span> <span class='ocrx_word' id='word_1_209' title='bbox 2095 2835 2145 2890; x_wconf 87' lang='lat' dir='ltr'>S.</span> <span class='ocrx_word' id='word_1_210' title='bbox 2194 2852 2280 2902; x_wconf 86' lang='grc' dir='ltr'>γρ.</span> <span class='ocrx_word' id='word_1_211' title='bbox 2326 2840 2432 2888; x_wconf 83' lang='grc' dir='ltr'>νῦν</span> <span class='ocrx_word' id='word_1_212' title='bbox 2479 2835 2686 2889; x_wconf 83' lang='grc' dir='ltr'>αὐτους</span> 
     </span>
     <span class='ocr_line' id='line_1_26' title="bbox 400 2901 2688 2970; baseline -0.001 -12"><span class='ocrx_word' id='word_1_213' title='bbox 400 2905 606 2958; x_wconf 78' lang='grc' dir='ltr'>ἄλλους</span> <span class='ocrx_word' id='word_1_214' title='bbox 644 2905 707 2955; x_wconf 87' lang='grc' dir='ltr'>Α.</span> <span class='ocrx_word' id='word_1_215' title='bbox 750 2903 980 2959; x_wconf 87' lang='grc' dir='ltr'>ΚΙΧΕΙΩΙ</span> <span class='ocrx_word' id='word_1_216' title='bbox 1019 2903 1138 2970; x_wconf 81' lang='lat' dir='ltr'><strong>Syr.</strong></span> <span class='ocrx_word' id='word_1_217' title='bbox 1178 2935 1242 2942; x_wconf 90' lang='lat'>—-</span> <span class='ocrx_word' id='word_1_218' title='bbox 1278 2911 1379 2959; x_wconf 82' lang='grc'>455</span> <span class='ocrx_word' id='word_1_219' title='bbox 1417 2909 1493 2958; x_wconf 84' lang='grc' dir='ltr'>ὡς</span> <span class='ocrx_word' id='word_1_220' title='bbox 1532 2905 1602 2959; x_wconf 88' lang='lat' dir='ltr'>A.</span> <span class='ocrx_word' id='word_1_221' title='bbox 1641 2907 1785 2959; x_wconf 87' lang='grc' dir='ltr'>οὔτα</span> <span class='ocrx_word' id='word_1_222' title='bbox 1818 2903 1879 2959; x_wconf 91' lang='lat' dir='ltr'>L.</span> <span class='ocrx_word' id='word_1_223' title='bbox 1913 2935 1978 2943; x_wconf 88' lang='lat'><em>-</em></span> <span class='ocrx_word' id='word_1_224' title='bbox 2024 2909 2125 2958; x_wconf 91' lang='grc'>456</span> <span class='ocrx_word' id='word_1_225' title='bbox 2163 2904 2194 2956; x_wconf 88' lang='grc' dir='ltr'>ὃ</span> <span class='ocrx_word' id='word_1_226' title='bbox 2230 2904 2291 2956; x_wconf 82' lang='grc' dir='ltr'>δὲ</span> <span class='ocrx_word' id='word_1_227' title='bbox 2328 2901 2385 2957; x_wconf 91' lang='lat' dir='ltr'><strong>C.</strong></span> <span class='ocrx_word' id='word_1_228' title='bbox 2433 2904 2557 2957; x_wconf 80' lang='grc' dir='ltr'>ἔαςε</span> <span class='ocrx_word' id='word_1_229' title='bbox 2595 2901 2688 2955; x_wconf 83' lang='lat' dir='ltr'><strong>AC</strong></span> 
     </span>
     <span class='ocr_line' id='line_1_27' title="bbox 400 2969 2688 3040; baseline 0 -18"><span class='ocrx_word' id='word_1_230' title='bbox 400 2969 495 3023; x_wconf 91' lang='lat' dir='ltr'>DL</span> <span class='ocrx_word' id='word_1_231' title='bbox 533 2969 655 3038; x_wconf 79' lang='lat' dir='ltr'><strong>Syr.</strong></span> <span class='ocrx_word' id='word_1_232' title='bbox 694 2972 851 3027; x_wconf 85' lang='grc' dir='ltr'>ἔαςςε</span> <span class='ocrx_word' id='word_1_233' title='bbox 898 2970 946 3023; x_wconf 84' lang='lat' dir='ltr'><strong>G</strong></span> <span class='ocrx_word' id='word_1_234' title='bbox 995 2970 1120 3028; x_wconf 85' lang='lat' dir='ltr'><strong>edd.</strong></span> <span class='ocrx_word' id='word_1_235' title='bbox 1173 2973 1313 3026; x_wconf 73' lang='lat' dir='ltr'><strong>vett.</strong></span> <span class='ocrx_word' id='word_1_236' title='bbox 1364 3004 1420 3011; x_wconf 91' lang='lat'>—-</span> <span class='ocrx_word' id='word_1_237' title='bbox 1471 2978 1571 3026; x_wconf 88' lang='grc'>457</span> <span class='ocrx_word' id='word_1_238' title='bbox 1617 2976 1686 3038; x_wconf 90' lang='grc' dir='ltr'>δὴ</span> <span class='ocrx_word' id='word_1_239' title='bbox 1734 2978 1950 3040; x_wconf 85' lang='grc' dir='ltr'>μοῠχον</span> <span class='ocrx_word' id='word_1_240' title='bbox 1986 2971 2051 3029; x_wconf 83' lang='lat' dir='ltr'><strong>G.</strong></span> <span class='ocrx_word' id='word_1_241' title='bbox 2099 2971 2500 3039; x_wconf 85' lang='grc' dir='ltr'>φιλοντορίδην</span> <span class='ocrx_word' id='word_1_242' title='bbox 2534 2969 2688 3023; x_wconf 75' lang='lat' dir='ltr'><strong>Vrat.</strong></span> 
     </span>
     <span class='ocr_line' id='line_1_28' title="bbox 402 3036 2687 3106; baseline 0.001 -14"><span class='ocrx_word' id='word_1_243' title='bbox 402 3042 463 3092; x_wconf 87' lang='lat' dir='ltr'>A.</span> <span class='ocrx_word' id='word_1_244' title='bbox 502 3069 566 3078; x_wconf 92' lang='lat'>-—</span> <span class='ocrx_word' id='word_1_245' title='bbox 610 3044 712 3092; x_wconf 83' lang='lat'>458</span> <span class='ocrx_word' id='word_1_246' title='bbox 759 3040 1007 3103; x_wconf 85' lang='grc' dir='ltr'>καγγόνυ</span> <span class='ocrx_word' id='word_1_247' title='bbox 1051 3038 1212 3098; x_wconf 82' lang='lat' dir='ltr'><strong>ACG.</strong></span> <span class='ocrx_word' id='word_1_248' title='bbox 1259 3043 1311 3094; x_wconf 80' lang='grc' dir='ltr'>κ’</span> <span class='ocrx_word' id='word_1_249' title='bbox 1355 3041 1569 3105; x_wconf 84' lang='grc' dir='ltr'>ἀγγόνϋ</span> <span class='ocrx_word' id='word_1_250' title='bbox 1615 3040 1682 3093; x_wconf 87' lang='lat' dir='ltr'>H.</span> <span class='ocrx_word' id='word_1_251' title='bbox 1728 3043 1832 3095; x_wconf 87' lang='grc' dir='ltr'>κὰκ</span> <span class='ocrx_word' id='word_1_252' title='bbox 1880 3043 2021 3106; x_wconf 91' lang='grc' dir='ltr'>γόνυ</span> <span class='ocrx_word' id='word_1_253' title='bbox 2059 3038 2118 3092; x_wconf 88' lang='lat' dir='ltr'>L.</span> <span class='ocrx_word' id='word_1_254' title='bbox 2176 3040 2425 3104; x_wconf 86' lang='grc' dir='ltr'>κακγόνυ</span> <span class='ocrx_word' id='word_1_255' title='bbox 2470 3038 2519 3091; x_wconf 95' lang='lat' dir='ltr'>D</span> <span class='ocrx_word' id='word_1_256' title='bbox 2565 3036 2602 3091; x_wconf 89' lang='lat' dir='ltr'>S</span> <span class='ocrx_word' id='word_1_257' title='bbox 2648 3056 2687 3095; x_wconf 88' lang='lat' dir='ltr'><strong>r.</strong></span> 
     </span>
     <span class='ocr_line' id='line_1_29' title="bbox 400 3105 2686 3174; baseline 0 -16"><span class='ocrx_word' id='word_1_258' title='bbox 400 3105 550 3174; x_wconf 76' lang='lat' dir='ltr'><strong>Lips.</strong></span> <span class='ocrx_word' id='word_1_259' title='bbox 589 3106 740 3159; x_wconf 82' lang='lat' dir='ltr'><strong>Harl.</strong></span> <span class='ocrx_word' id='word_1_260' title='bbox 777 3106 947 3160; x_wconf 82' lang='lat' dir='ltr'><strong>Mose.</strong></span> <span class='ocrx_word' id='word_1_261' title='bbox 985 3113 1031 3164; x_wconf 69' lang='lat'>⁸2.</span> <span class='ocrx_word' id='word_1_262' title='bbox 1080 3109 1316 3174; x_wconf 80' lang='grc' dir='ltr'>ἐρύκατε</span> <span class='ocrx_word' id='word_1_263' title='bbox 1355 3109 1419 3162; x_wconf 90' lang='lat' dir='ltr'>G.</span> <span class='ocrx_word' id='word_1_264' title='bbox 1468 3140 1531 3146; x_wconf 94' lang='lat'>—</span> <span class='ocrx_word' id='word_1_265' title='bbox 1577 3114 1677 3162; x_wconf 85' lang='grc'>459</span> <span class='ocrx_word' id='word_1_266' title='bbox 1713 3111 1955 3165; x_wconf 82' lang='grc' dir='ltr'>οὔταζον</span> <span class='ocrx_word' id='word_1_267' title='bbox 1993 3108 2057 3162; x_wconf 94' lang='lat' dir='ltr'>D.</span> <span class='ocrx_word' id='word_1_268' title='bbox 2104 3138 2170 3146; x_wconf 91' lang='lat'>—</span> <span class='ocrx_word' id='word_1_269' title='bbox 2217 3113 2316 3160; x_wconf 87' lang='grc'>460</span> <span class='ocrx_word' id='word_1_270' title='bbox 2352 3107 2385 3160; x_wconf 89' lang='grc' dir='ltr'><strong><em>ὃ</em></strong></span> <span class='ocrx_word' id='word_1_271' title='bbox 2422 3105 2567 3160; x_wconf 88' lang='lat' dir='ltr'><strong>ACD</strong></span> <span class='ocrx_word' id='word_1_272' title='bbox 2627 3105 2686 3159; x_wconf 91' lang='lat' dir='ltr'><strong>L.</strong></span> 
     </span>
     <span class='ocr_line' id='line_1_30' title="bbox 401 3175 2687 3244; baseline -0 -16"><span class='ocrx_word' id='word_1_273' title='bbox 401 3176 683 3239; x_wconf 86' lang='grc' dir='ltr'>λαόγονον</span> <span class='ocrx_word' id='word_1_274' title='bbox 719 3177 1207 3242; x_wconf 82' lang='grc' dir='ltr'>προπαροξύνεται</span> <span class='ocrx_word' id='word_1_275' title='bbox 1251 3178 1313 3229; x_wconf 84' lang='grc' dir='ltr'>ἐν</span> <span class='ocrx_word' id='word_1_276' title='bbox 1354 3182 1472 3230; x_wconf 81' lang='grc' dir='ltr'>τοῖς</span> <span class='ocrx_word' id='word_1_277' title='bbox 1518 3178 1920 3244; x_wconf 86' lang='grc' dir='ltr'>ἀκριβεςτέροις</span> <span class='ocrx_word' id='word_1_278' title='bbox 1964 3184 2084 3231; x_wconf 84' lang='grc' dir='ltr'>τῶν</span> <span class='ocrx_word' id='word_1_279' title='bbox 2129 3176 2498 3242; x_wconf 85' lang='grc' dir='ltr'>ἀντιγράφων</span> <span class='ocrx_word' id='word_1_280' title='bbox 2541 3175 2687 3228; x_wconf 67' lang='lat' dir='ltr'><strong>testo</strong></span> 
     </span>
     <span class='ocr_line' id='line_1_31' title="bbox 400 3240 2688 3311; baseline 0.001 -17"><span class='ocrx_word' id='word_1_281' title='bbox 400 3242 556 3295; x_wconf 71' lang='lat' dir='ltr'><strong>Euat.</strong></span> <span class='ocrx_word' id='word_1_282' title='bbox 597 3250 743 3306; x_wconf 76' lang='grc'>1213,</span> <span class='ocrx_word' id='word_1_283' title='bbox 782 3249 862 3298; x_wconf 79' lang='grc'>42.</span> <span class='ocrx_word' id='word_1_284' title='bbox 914 3273 969 3282; x_wconf 95' lang='grc'>-</span> <span class='ocrx_word' id='word_1_285' title='bbox 1019 3249 1113 3297; x_wconf 75' lang='grc'>461</span> <span class='ocrx_word' id='word_1_286' title='bbox 1155 3244 1409 3299; x_wconf 79' lang='grc' dir='ltr'>ἐξίππων</span> <span class='ocrx_word' id='word_1_287' title='bbox 1445 3243 1509 3299; x_wconf 88' lang='lat' dir='ltr'>D.</span> <span class='ocrx_word' id='word_1_288' title='bbox 1561 3247 1766 3311; x_wconf 83' lang='grc' dir='ltr'>χαμᾶζε</span> <span class='ocrx_word' id='word_1_289' title='bbox 1815 3244 1915 3297; x_wconf 87' lang='lat' dir='ltr'><strong>AD</strong></span> <span class='ocrx_word' id='word_1_290' title='bbox 1953 3245 1990 3298; x_wconf 87' lang='lat' dir='ltr'>S</span> <span class='ocrx_word' id='word_1_291' title='bbox 2032 3261 2070 3302; x_wconf 88' lang='lat' dir='ltr'><strong>r.</strong></span> <span class='ocrx_word' id='word_1_292' title='bbox 2119 3246 2325 3309; x_wconf 84' lang='grc' dir='ltr'>χαμάζε</span> <span class='ocrx_word' id='word_1_293' title='bbox 2372 3240 2582 3297; x_wconf 87' lang='lat' dir='ltr'><strong>CGHL.</strong></span> <span class='ocrx_word' id='word_1_294' title='bbox 2624 3272 2688 3281; x_wconf 91' lang='lat'>-—-</span> 
     </span>
     <span class='ocr_line' id='line_1_32' title="bbox 400 3309 2687 3381; baseline -0 -18"><span class='ocrx_word' id='word_1_295' title='bbox 400 3317 499 3364; x_wconf 87' lang='grc'>463</span> <span class='ocrx_word' id='word_1_296' title='bbox 535 3316 692 3377; x_wconf 83' lang='grc' dir='ltr'>τρῷα</span> <span class='ocrx_word' id='word_1_297' title='bbox 729 3309 791 3367; x_wconf 87' lang='lat' dir='ltr'>L.</span> <span class='ocrx_word' id='word_1_298' title='bbox 827 3312 860 3364; x_wconf 87' lang='grc' dir='ltr'>ὃ</span> <span class='ocrx_word' id='word_1_299' title='bbox 899 3313 1000 3377; x_wconf 82' lang='grc' dir='ltr'>μὲν</span> <span class='ocrx_word' id='word_1_300' title='bbox 1038 3313 1095 3365; x_wconf 88' lang='lat' dir='ltr'><strong>C.</strong></span> <span class='ocrx_word' id='word_1_301' title='bbox 1131 3314 1271 3378; x_wconf 82' lang='grc' dir='ltr'>ἦλθε</span> <span class='ocrx_word' id='word_1_302' title='bbox 1299 3311 1356 3366; x_wconf 84' lang='lat' dir='ltr'><strong>C.</strong></span> <span class='ocrx_word' id='word_1_303' title='bbox 1393 3343 1458 3351; x_wconf 91' lang='lat'><em>-</em></span> <span class='ocrx_word' id='word_1_304' title='bbox 1492 3319 1595 3366; x_wconf 85' lang='grc'>464</span> <span class='ocrx_word' id='word_1_305' title='bbox 1631 3314 1683 3367; x_wconf 86' lang='grc' dir='ltr'>εἴ</span> <span class='ocrx_word' id='word_1_306' title='bbox 1720 3330 1843 3367; x_wconf 88' lang='grc' dir='ltr'>πως</span> <span class='ocrx_word' id='word_1_307' title='bbox 1882 3315 1945 3367; x_wconf 85' lang='grc' dir='ltr'>εὖ</span> <span class='ocrx_word' id='word_1_308' title='bbox 2022 3311 2261 3367; x_wconf 89' lang='lat' dir='ltr'><strong>CDGHS</strong></span> <span class='ocrx_word' id='word_1_309' title='bbox 2298 3311 2483 3381; x_wconf 87' lang='lat' dir='ltr'><strong>Apoll.</strong></span> <span class='ocrx_word' id='word_1_310' title='bbox 2520 3310 2687 3379; x_wconf 85' lang='lat' dir='ltr'><strong>Soph.</strong></span> 
     </span>
     <span class='ocr_line' id='line_1_33' title="bbox 403 3379 2686 3450; baseline 0 -18"><span class='ocrx_word' id='word_1_311' title='bbox 403 3384 488 3444; x_wconf 86' lang='grc'>78,</span> <span class='ocrx_word' id='word_1_312' title='bbox 526 3386 608 3432; x_wconf 72' lang='lat'><strong>⁸21.</strong></span> <span class='ocrx_word' id='word_1_313' title='bbox 646 3379 697 3432; x_wconf 85' lang='grc' dir='ltr'>εἴ</span> <span class='ocrx_word' id='word_1_314' title='bbox 732 3380 856 3433; x_wconf 90' lang='grc' dir='ltr'>πώς</span> <span class='ocrx_word' id='word_1_315' title='bbox 894 3381 958 3433; x_wconf 86' lang='grc' dir='ltr'>εὑ</span> <span class='ocrx_word' id='word_1_316' title='bbox 996 3379 1148 3433; x_wconf 78' lang='lat' dir='ltr'><strong>Eust.</strong></span> <span class='ocrx_word' id='word_1_317' title='bbox 1199 3386 1346 3440; x_wconf 77' lang='grc'>1217.</span> <span class='ocrx_word' id='word_1_318' title='bbox 1385 3387 1466 3434; x_wconf 88' lang='grc'>34.</span> <span class='ocrx_word' id='word_1_319' title='bbox 1519 3380 1705 3450; x_wconf 86' lang='lat' dir='ltr'><strong>Apoll.</strong></span> <span class='ocrx_word' id='word_1_320' title='bbox 1744 3381 1815 3435; x_wconf 84' lang='lat' dir='ltr'>de</span> <span class='ocrx_word' id='word_1_321' title='bbox 1851 3381 2014 3439; x_wconf 85' lang='lat' dir='ltr'><strong>Pron.</strong></span> <span class='ocrx_word' id='word_1_322' title='bbox 2061 3387 2125 3434; x_wconf 84' lang='grc'>97</span> <span class='ocrx_word' id='word_1_323' title='bbox 2162 3379 2224 3432; x_wconf 92' lang='grc' dir='ltr'>Β.</span> <span class='ocrx_word' id='word_1_324' title='bbox 2273 3381 2325 3434; x_wconf 84' lang='grc' dir='ltr'>εἷ</span> <span class='ocrx_word' id='word_1_325' title='bbox 2369 3396 2493 3435; x_wconf 88' lang='grc' dir='ltr'>πως</span> <span class='ocrx_word' id='word_1_326' title='bbox 2542 3381 2606 3435; x_wconf 82' lang='grc' dir='ltr'>εὖ</span> <span class='ocrx_word' id='word_1_327' title='bbox 2651 3384 2686 3446; x_wconf 84' lang='grc' dir='ltr'>ἢ</span> 
     </span>
    </p>
   </div>
   <div class='ocr_carea' id='block_1_5' title="bbox 398 3468 2690 3823">
    <p class='ocr_par' dir='ltr' id='par_1_9' title="bbox 398 3468 2690 3823">
     <span class='ocr_line' id='line_1_34' title="bbox 406 3468 2688 3553; baseline 0 -17"><span class='ocrx_word' id='word_1_328' title='bbox 406 3475 457 3536; x_wconf 84' lang='grc' dir='ltr'>ἐί</span> <span class='ocrx_word' id='word_1_329' title='bbox 494 3482 619 3537; x_wconf 86' lang='grc' dir='ltr'>πώς</span> <span class='ocrx_word' id='word_1_330' title='bbox 656 3483 720 3536; x_wconf 82' lang='grc' dir='ltr'>εὐ</span> <span class='ocrx_word' id='word_1_331' title='bbox 756 3482 909 3536; x_wconf 72' lang='lat' dir='ltr'><strong>Euat.</strong></span> <span class='ocrx_word' id='word_1_332' title='bbox 950 3489 1097 3549; x_wconf 80' lang='grc'>1217,</span> <span class='ocrx_word' id='word_1_333' title='bbox 1138 3490 1216 3539; x_wconf 78' lang='grc'>12.</span> <span class='ocrx_word' id='word_1_334' title='bbox 1261 3468 1557 3539; x_wconf 69' lang='grc' dir='ltr'>ΕΙΠρΕΕΥ</span> <span class='ocrx_word' id='word_1_335' title='bbox 1596 3485 1714 3553; x_wconf 79' lang='lat' dir='ltr'><strong>Syr.</strong></span> <span class='ocrx_word' id='word_1_336' title='bbox 1767 3486 1817 3539; x_wconf 81' lang='grc' dir='ltr'>εἴ</span> <span class='ocrx_word' id='word_1_337' title='bbox 1854 3501 1978 3539; x_wconf 92' lang='grc' dir='ltr'>πως</span> <span class='ocrx_word' id='word_1_338' title='bbox 2024 3486 2077 3539; x_wconf 84' lang='grc' dir='ltr'>οἱ</span> <span class='ocrx_word' id='word_1_339' title='bbox 2121 3482 2165 3536; x_wconf 88' lang='lat' dir='ltr'><strong>L</strong></span> <span class='ocrx_word' id='word_1_340' title='bbox 2199 3483 2352 3537; x_wconf 79' lang='lat' dir='ltr'><strong>Harl.</strong></span> <span class='ocrx_word' id='word_1_341' title='bbox 2400 3482 2547 3550; x_wconf 75' lang='lat' dir='ltr'><strong>Lipss.</strong></span> <span class='ocrx_word' id='word_1_342' title='bbox 2594 3501 2688 3536; x_wconf 86' lang='grc' dir='ltr'>πε-</span> 
     </span>
     <span class='ocr_line' id='line_1_35' title="bbox 398 3549 2676 3622; baseline 0 -18"><span class='ocrx_word' id='word_1_343' title='bbox 398 3551 670 3618; x_wconf 87' lang='grc' dir='ltr'>φίειδοιτο</span> <span class='ocrx_word' id='word_1_344' title='bbox 707 3549 775 3606; x_wconf 91' lang='lat' dir='ltr'>D.</span> <span class='ocrx_word' id='word_1_345' title='bbox 832 3551 972 3620; x_wconf 88' lang='grc' dir='ltr'>ἀφίη</span> <span class='ocrx_word' id='word_1_346' title='bbox 1011 3551 1068 3608; x_wconf 90' lang='lat' dir='ltr'><strong>C.</strong></span> <span class='ocrx_word' id='word_1_347' title='bbox 1123 3555 1250 3606; x_wconf 82' lang='grc' dir='ltr'>τινὰ</span> <span class='ocrx_word' id='word_1_348' title='bbox 1303 3557 1427 3606; x_wconf 86' lang='grc' dir='ltr'>τῶν</span> <span class='ocrx_word' id='word_1_349' title='bbox 1472 3553 1840 3620; x_wconf 82' lang='grc' dir='ltr'>ἀντιγράφων</span> <span class='ocrx_word' id='word_1_350' title='bbox 1886 3554 2043 3622; x_wconf 78' lang='grc' dir='ltr'>ἀφῄη</span> <span class='ocrx_word' id='word_1_351' title='bbox 2088 3552 2242 3610; x_wconf 69' lang='lat' dir='ltr'><strong>Eunt.</strong></span> <span class='ocrx_word' id='word_1_352' title='bbox 2295 3557 2456 3616; x_wconf 75' lang='grc'>1217,</span> <span class='ocrx_word' id='word_1_353' title='bbox 2503 3556 2586 3605; x_wconf 84' lang='grc'>37.</span> <span class='ocrx_word' id='word_1_354' title='bbox 2631 3583 2676 3589; x_wconf 87' lang='grc'>--</span> 
     </span>
     <span class='ocr_line' id='line_1_36' title="bbox 399 3617 2689 3690; baseline 0 -18"><span class='ocrx_word' id='word_1_355' title='bbox 399 3624 500 3672; x_wconf 88' lang='grc'>465</span> <span class='ocrx_word' id='word_1_356' title='bbox 539 3621 613 3686; x_wconf 86' lang='grc' dir='ltr'>μὴ</span> <span class='ocrx_word' id='word_1_357' title='bbox 650 3621 711 3673; x_wconf 81' lang='grc' dir='ltr'>δὲ</span> <span class='ocrx_word' id='word_1_358' title='bbox 749 3617 958 3673; x_wconf 83' lang='lat' dir='ltr'><strong>CGHL.</strong></span> <span class='ocrx_word' id='word_1_359' title='bbox 997 3650 1063 3658; x_wconf 89' lang='lat'>—-</span> <span class='ocrx_word' id='word_1_360' title='bbox 1098 3626 1200 3672; x_wconf 82' lang='grc'>466</span> <span class='ocrx_word' id='word_1_361' title='bbox 1240 3623 1384 3676; x_wconf 92' lang='grc' dir='ltr'>ΗΔΗ</span> <span class='ocrx_word' id='word_1_362' title='bbox 1426 3620 1545 3688; x_wconf 82' lang='lat' dir='ltr'><strong>Syr.</strong></span> <span class='ocrx_word' id='word_1_363' title='bbox 1584 3623 1689 3690; x_wconf 75' lang='grc' dir='ltr'>ᾔδη</span> <span class='ocrx_word' id='word_1_364' title='bbox 1730 3620 1791 3676; x_wconf 90' lang='lat' dir='ltr'><strong>L.</strong></span> <span class='ocrx_word' id='word_1_365' title='bbox 1830 3622 1898 3675; x_wconf 86' lang='grc' dir='ltr'>οὐ</span> <span class='ocrx_word' id='word_1_366' title='bbox 1935 3621 2115 3675; x_wconf 79' lang='lat' dir='ltr'><strong>omitt.</strong></span> <span class='ocrx_word' id='word_1_367' title='bbox 2156 3619 2213 3676; x_wconf 90' lang='lat' dir='ltr'><strong>C.</strong></span> <span class='ocrx_word' id='word_1_368' title='bbox 2252 3650 2316 3660; x_wconf 93' lang='lat'>·—</span> <span class='ocrx_word' id='word_1_369' title='bbox 2353 3625 2452 3674; x_wconf 88' lang='grc'>467</span> <span class='ocrx_word' id='word_1_370' title='bbox 2489 3621 2557 3673; x_wconf 82' lang='grc' dir='ltr'>οὐ</span> <span class='ocrx_word' id='word_1_371' title='bbox 2582 3620 2689 3685; x_wconf 90' lang='grc' dir='ltr'>γάρ</span> 
     </span>
     <span class='ocr_line' id='line_1_37' title="bbox 403 3685 2690 3759; baseline -0.001 -19"><span class='ocrx_word' id='word_1_372' title='bbox 403 3704 491 3741; x_wconf 87' lang='grc' dir='ltr'>τοι</span> <span class='ocrx_word' id='word_1_373' title='bbox 527 3685 586 3743; x_wconf 89' lang='lat' dir='ltr'>L.</span> <span class='ocrx_word' id='word_1_374' title='bbox 627 3688 697 3740; x_wconf 83' lang='grc' dir='ltr'>ού</span> <span class='ocrx_word' id='word_1_375' title='bbox 731 3688 840 3753; x_wconf 87' lang='grc' dir='ltr'>γάρ</span> <span class='ocrx_word' id='word_1_376' title='bbox 875 3703 958 3741; x_wconf 87' lang='grc' dir='ltr'>τις</span> <span class='ocrx_word' id='word_1_377' title='bbox 996 3690 1085 3743; x_wconf 85' lang='grc' dir='ltr'>καὶ</span> <span class='ocrx_word' id='word_1_378' title='bbox 1123 3689 1190 3741; x_wconf 85' lang='grc' dir='ltr'>οὐ</span> <span class='ocrx_word' id='word_1_379' title='bbox 1226 3690 1333 3755; x_wconf 88' lang='grc' dir='ltr'>γὰρ</span> <span class='ocrx_word' id='word_1_380' title='bbox 1370 3690 1451 3742; x_wconf 74' lang='grc' dir='ltr'>ἔτι</span> <span class='ocrx_word' id='word_1_381' title='bbox 1488 3688 1535 3740; x_wconf 89' lang='grc' dir='ltr'><strong>Α</strong></span> <span class='ocrx_word' id='word_1_382' title='bbox 1570 3689 1629 3742; x_wconf 88' lang='lat' dir='ltr'>in</span> <span class='ocrx_word' id='word_1_383' title='bbox 1667 3706 1844 3759; x_wconf 83' lang='lat' dir='ltr'><strong>marg.</strong></span> <span class='ocrx_word' id='word_1_384' title='bbox 1887 3690 2099 3743; x_wconf 80' lang='grc' dir='ltr'>ΑΝΗΡ’</span> <span class='ocrx_word' id='word_1_385' title='bbox 2133 3688 2169 3741; x_wconf 83' lang='lat' dir='ltr'>S</span> <span class='ocrx_word' id='word_1_386' title='bbox 2211 3707 2253 3744; x_wconf 91' lang='lat' dir='ltr'><strong>r.</strong></span> <span class='ocrx_word' id='word_1_387' title='bbox 2294 3719 2356 3727; x_wconf 93' lang='lat'>—</span> <span class='ocrx_word' id='word_1_388' title='bbox 2393 3691 2493 3741; x_wconf 87' lang='grc'>468</span> <span class='ocrx_word' id='word_1_389' title='bbox 2528 3687 2564 3741; x_wconf 86' lang='grc' dir='ltr'>ὃ</span> <span class='ocrx_word' id='word_1_390' title='bbox 2588 3690 2690 3752; x_wconf 83' lang='grc' dir='ltr'>μὲν</span> 
     </span>
     <span class='ocr_line' id='line_1_38' title="bbox 402 3754 2689 3823; baseline -0 -14"><span class='ocrx_word' id='word_1_391' title='bbox 402 3757 459 3810; x_wconf 88' lang='lat' dir='ltr'><strong>C.</strong></span> <span class='ocrx_word' id='word_1_392' title='bbox 509 3760 657 3822; x_wconf 81' lang='grc' dir='ltr'>χερςὶ</span> <span class='ocrx_word' id='word_1_393' title='bbox 695 3754 754 3812; x_wconf 84' lang='grc' dir='ltr'>Ε,</span> <span class='ocrx_word' id='word_1_394' title='bbox 809 3785 875 3793; x_wconf 49' lang='lat' dir='ltr'>—n</span> <span class='ocrx_word' id='word_1_395' title='bbox 928 3763 1028 3810; x_wconf 82' lang='grc'>469</span> <span class='ocrx_word' id='word_1_396' title='bbox 1066 3756 1281 3821; x_wconf 82' lang='grc' dir='ltr'>ἰέμενος</span> <span class='ocrx_word' id='word_1_397' title='bbox 1317 3756 1366 3810; x_wconf 93' lang='lat' dir='ltr'><strong>D</strong></span> <span class='ocrx_word' id='word_1_398' title='bbox 1403 3755 1617 3810; x_wconf 81' lang='lat' dir='ltr'><strong>Townl.</strong></span> <span class='ocrx_word' id='word_1_399' title='bbox 1664 3759 1696 3812; x_wconf 82' lang='grc' dir='ltr'>ὃ</span> <span class='ocrx_word' id='word_1_400' title='bbox 1733 3759 1794 3812; x_wconf 83' lang='grc' dir='ltr'>δὲ</span> <span class='ocrx_word' id='word_1_401' title='bbox 1830 3757 1888 3815; x_wconf 91' lang='lat' dir='ltr'>C.</span> <span class='ocrx_word' id='word_1_402' title='bbox 1940 3759 2081 3811; x_wconf 84' lang='grc' dir='ltr'>οῠτα</span> <span class='ocrx_word' id='word_1_403' title='bbox 2118 3755 2158 3810; x_wconf 90' lang='lat' dir='ltr'>C</span> <span class='ocrx_word' id='word_1_404' title='bbox 2216 3757 2272 3809; x_wconf 90' lang='lat' dir='ltr'><strong>L.</strong></span> <span class='ocrx_word' id='word_1_405' title='bbox 2328 3760 2588 3823; x_wconf 82' lang='grc' dir='ltr'>καθῆπαρ</span> <span class='ocrx_word' id='word_1_406' title='bbox 2623 3756 2689 3808; x_wconf 87' lang='grc' dir='ltr'>Α.</span> 
     </span>
    </p>
   </div>
   <div class='ocr_carea' id='block_1_6' title="bbox 403 3842 2687 3930">
    <p class='ocr_par' dir='ltr' id='par_1_10' title="bbox 403 3842 2687 3930">
     <span class='ocr_line' id='line_1_39' title="bbox 403 3842 2687 3930; baseline 0 -18"><span class='ocrx_word' id='word_1_407' title='bbox 403 3842 617 3914; x_wconf 60' lang='grc' dir='ltr'>ΡΙΠΑΡἱ</span> <span class='ocrx_word' id='word_1_408' title='bbox 651 3858 772 3927; x_wconf 82' lang='lat' dir='ltr'><strong>Syr.</strong></span> <span class='ocrx_word' id='word_1_409' title='bbox 810 3890 875 3898; x_wconf 93' lang='lat'>—-</span> <span class='ocrx_word' id='word_1_410' title='bbox 912 3864 1012 3913; x_wconf 90' lang='grc'>470</span> <span class='ocrx_word' id='word_1_411' title='bbox 1057 3861 1215 3927; x_wconf 84' lang='grc' dir='ltr'>ἧπαρ·</span> <span class='ocrx_word' id='word_1_412' title='bbox 1249 3862 1423 3928; x_wconf 87' lang='grc' dir='ltr'>ῆλθεν</span> <span class='ocrx_word' id='word_1_413' title='bbox 1467 3862 1612 3930; x_wconf 87' lang='grc' dir='ltr'>ἀτὰρ</span> <span class='ocrx_word' id='word_1_414' title='bbox 1649 3861 1716 3918; x_wconf 84' lang='grc' dir='ltr'>Η.</span> <span class='ocrx_word' id='word_1_415' title='bbox 1765 3891 1827 3900; x_wconf 89' lang='grc'>--</span> <span class='ocrx_word' id='word_1_416' title='bbox 1874 3867 1968 3915; x_wconf 85' lang='grc'>471</span> <span class='ocrx_word' id='word_1_417' title='bbox 2010 3862 2317 3929; x_wconf 81' lang='grc' dir='ltr'>ἐνέπρηςεν</span> <span class='ocrx_word' id='word_1_418' title='bbox 2352 3859 2400 3912; x_wconf 90' lang='grc' dir='ltr'>Η</span> <span class='ocrx_word' id='word_1_419' title='bbox 2440 3858 2595 3916; x_wconf 75' lang='lat' dir='ltr'><strong>Vrat.</strong></span> <span class='ocrx_word' id='word_1_420' title='bbox 2634 3859 2687 3913; x_wconf 85' lang='lat' dir='ltr'><strong>d.</strong></span> 
     </span>
    </p>
   </div>
   <div class='ocr_carea' id='block_1_7' title="bbox 399 3946 2687 4067">
    <p class='ocr_par' dir='ltr' id='par_1_11' title="bbox 399 3946 2687 4067">
     <span class='ocr_line' id='line_1_40' title="bbox 399 3946 2687 4067; baseline 0.002 -23"><span class='ocrx_word' id='word_1_421' title='bbox 399 3991 611 4047; x_wconf 83' lang='lat' dir='ltr'><strong>Townl.</strong></span> <span class='ocrx_word' id='word_1_422' title='bbox 648 3946 959 4051; x_wconf 73' lang='grc' dir='ltr'>ἑνέπλρςεν</span> <span class='ocrx_word' id='word_1_423' title='bbox 1004 3998 1068 4053; x_wconf 89' lang='lat' dir='ltr'>A.</span> <span class='ocrx_word' id='word_1_424' title='bbox 1119 3997 1391 4064; x_wconf 81' lang='grc' dir='ltr'>ἐνέπληςε</span> <span class='ocrx_word' id='word_1_425' title='bbox 1439 3997 1485 4050; x_wconf 87' lang='lat' dir='ltr'><strong>G</strong></span> <span class='ocrx_word' id='word_1_426' title='bbox 1534 3997 1682 4067; x_wconf 79' lang='lat' dir='ltr'><strong>Lips.</strong></span> <span class='ocrx_word' id='word_1_427' title='bbox 1733 3998 1876 4051; x_wconf 88' lang='lat' dir='ltr'><strong>Flor.</strong></span> <span class='ocrx_word' id='word_1_428' title='bbox 1924 3998 2082 4054; x_wconf 87' lang='lat' dir='ltr'><strong>Rom.</strong></span> <span class='ocrx_word' id='word_1_429' title='bbox 2132 3998 2256 4052; x_wconf 83' lang='grc' dir='ltr'>όςςε</span> <span class='ocrx_word' id='word_1_430' title='bbox 2294 3996 2511 4062; x_wconf 88' lang='grc' dir='ltr'>κάλυψε</span> <span class='ocrx_word' id='word_1_431' title='bbox 2551 3995 2687 4049; x_wconf 87' lang='lat' dir='ltr'><strong>ACE</strong></span> 
     </span>
    </p>
   </div>
   <div class='ocr_carea' id='block_1_8' title="bbox 402 4062 2685 4195">
    <p class='ocr_par' dir='ltr' id='par_1_12' title="bbox 402 4062 2685 4195">
     <span class='ocr_line' id='line_1_41' title="bbox 402 4062 2685 4195; baseline 0.003 -80"><span class='ocrx_word' id='word_1_432' title='bbox 402 4062 799 4195; x_wconf 44' lang='grc' dir='ltr'>ἑξὲῗῦᾅένῗῌ</span> <span class='ocrx_word' id='word_1_433' title='bbox 883 4081 965 4133; x_wconf 84' lang='lat' dir='ltr'><strong>yr.</strong></span> <span class='ocrx_word' id='word_1_434' title='bbox 1024 4065 1276 4163; x_wconf 87' lang='grc' dir='ltr'>κάλυψεν</span> <span class='ocrx_word' id='word_1_435' title='bbox 1326 4065 1391 4120; x_wconf 91' lang='lat' dir='ltr'>D.</span> <span class='ocrx_word' id='word_1_436' title='bbox 1446 4068 1561 4120; x_wconf 71' lang='lat' dir='ltr'>bcc’</span> <span class='ocrx_word' id='word_1_437' title='bbox 1606 4067 1852 4132; x_wconf 82' lang='grc' dir='ltr'>ἐκάλυψε</span> <span class='ocrx_word' id='word_1_438' title='bbox 1898 4065 1942 4119; x_wconf 90' lang='grc' dir='ltr'>Ε</span> <span class='ocrx_word' id='word_1_439' title='bbox 1995 4070 2138 4132; x_wconf 78' lang='grc'>1213,</span> <span class='ocrx_word' id='word_1_440' title='bbox 2186 4071 2249 4119; x_wconf 90' lang='grc'>57</span> <span class='ocrx_word' id='word_1_441' title='bbox 2287 4064 2437 4133; x_wconf 78' lang='lat' dir='ltr'><strong>Lips.</strong></span> <span class='ocrx_word' id='word_1_442' title='bbox 2472 4064 2685 4122; x_wconf 82' lang='lat' dir='ltr'><strong>Townl.</strong></span> 
     </span>
    </p>
   </div>
   <div class='ocr_carea' id='block_1_9' title="bbox 407 4234 811 4245">
    <p class='ocr_par' dir='ltr' id='par_1_13' title="bbox 407 4234 811 4245">
     <span class='ocr_line' id='line_1_42' title="bbox 407 4234 811 4245; baseline 0 761"><span class='ocrx_word' id='word_1_443' title='bbox 407 4234 811 4245; x_wconf 95' lang='lat' dir='ltr'> </span> 
     </span>
    </p>
   </div>
   <div class='ocr_carea' id='block_1_10' title="bbox 399 4300 2690 4508">
    <p class='ocr_par' dir='ltr' id='par_1_14' title="bbox 399 4300 2690 4508">
     <span class='ocr_line' id='line_1_43' title="bbox 538 4300 2689 4360; baseline 0.002 -8"><span class='ocrx_word' id='word_1_444' title='bbox 538 4300 606 4357; x_wconf 93' lang='lat' dir='ltr'>A.</span> <span class='ocrx_word' id='word_1_445' title='bbox 643 4318 689 4358; x_wconf 87' lang='grc' dir='ltr'>ο.</span> <span class='ocrx_word' id='word_1_446' title='bbox 758 4306 859 4355; x_wconf 85' lang='grc'>454</span> <span class='ocrx_word' id='word_1_447' title='bbox 894 4303 962 4357; x_wconf 82' lang='grc' dir='ltr'>ὅν</span> <span class='ocrx_word' id='word_1_448' title='bbox 999 4320 1060 4357; x_wconf 89' lang='grc' dir='ltr'>κε</span> <span class='ocrx_word' id='word_1_449' title='bbox 1099 4322 1149 4358; x_wconf 86' lang='grc' dir='ltr'>κι</span> <span class='ocrx_word' id='word_1_450' title='bbox 1190 4304 1288 4360; x_wconf 83' lang='grc' dir='ltr'>είω</span> <span class='ocrx_word' id='word_1_451' title='bbox 1326 4304 1698 4358; x_wconf 74' lang='lat' dir='ltr'><strong>Aristarchus.</strong></span> <span class='ocrx_word' id='word_1_452' title='bbox 1734 4335 1800 4344; x_wconf 92' lang='grc'><strong>-</strong></span> <span class='ocrx_word' id='word_1_453' title='bbox 1845 4310 1946 4358; x_wconf 87' lang='grc'>464</span> <span class='ocrx_word' id='word_1_454' title='bbox 1981 4306 2034 4360; x_wconf 85' lang='grc' dir='ltr'>εἴ</span> <span class='ocrx_word' id='word_1_455' title='bbox 2069 4307 2191 4360; x_wconf 85' lang='grc' dir='ltr'>πώς</span> <span class='ocrx_word' id='word_1_456' title='bbox 2231 4306 2293 4359; x_wconf 87' lang='grc' dir='ltr'>εύ</span> <span class='ocrx_word' id='word_1_457' title='bbox 2329 4303 2689 4359; x_wconf 75' lang='lat' dir='ltr'><strong>Ptolemaeus</strong></span> 
     </span>
     <span class='ocr_line' id='line_1_44' title="bbox 402 4366 2686 4438; baseline 0.001 -18"><span class='ocrx_word' id='word_1_458' title='bbox 402 4366 754 4422; x_wconf 72' lang='lat' dir='ltr'><strong>Ascalonita:</strong></span> <span class='ocrx_word' id='word_1_459' title='bbox 792 4370 844 4423; x_wconf 80' lang='grc' dir='ltr'>εἴ</span> <span class='ocrx_word' id='word_1_460' title='bbox 877 4387 1003 4427; x_wconf 88' lang='grc' dir='ltr'>πως</span> <span class='ocrx_word' id='word_1_461' title='bbox 1039 4374 1102 4427; x_wconf 83' lang='grc' dir='ltr'>εύ</span> <span class='ocrx_word' id='word_1_462' title='bbox 1192 4372 1506 4430; x_wconf 74' lang='lat' dir='ltr'><strong>emelianus,</strong></span> <span class='ocrx_word' id='word_1_463' title='bbox 1543 4373 1902 4427; x_wconf 79' lang='lat' dir='ltr'><strong>scribendum</strong></span> <span class='ocrx_word' id='word_1_464' title='bbox 1939 4377 2025 4427; x_wconf 81' lang='lat' dir='ltr'>est</span> <span class='ocrx_word' id='word_1_465' title='bbox 2060 4376 2153 4438; x_wconf 84' lang='grc' dir='ltr'>εὖ,</span> <span class='ocrx_word' id='word_1_466' title='bbox 2190 4372 2331 4426; x_wconf 80' lang='lat' dir='ltr'><strong>conf.</strong></span> <span class='ocrx_word' id='word_1_467' title='bbox 2367 4372 2436 4426; x_wconf 87' lang='lat' dir='ltr'><strong>H.</strong></span> <span class='ocrx_word' id='word_1_468' title='bbox 2460 4371 2527 4428; x_wconf 88' lang='lat' dir='ltr'><strong>U.</strong></span> <span class='ocrx_word' id='word_1_469' title='bbox 2571 4378 2686 4424; x_wconf 85' lang='grc'>141.</span> 
     </span>
     <span class='ocr_line' id='line_1_45' title="bbox 399 4437 2690 4508; baseline 0.003 -20"><span class='ocrx_word' id='word_1_470' title='bbox 399 4464 467 4474; x_wconf 89' lang='grc'><strong>-</strong></span> <span class='ocrx_word' id='word_1_471' title='bbox 484 4440 581 4489; x_wconf 87' lang='grc'>471</span> <span class='ocrx_word' id='word_1_472' title='bbox 611 4437 945 4505; x_wconf 85' lang='grc' dir='ltr'>ἑνὲπληςεν;</span> <span class='ocrx_word' id='word_1_473' title='bbox 968 4441 1276 4508; x_wconf 80' lang='grc' dir='ltr'>ἐνέπρηςεν</span> <span class='ocrx_word' id='word_1_474' title='bbox 1300 4441 1654 4494; x_wconf 77' lang='lat' dir='ltr'><strong>Aristarchus</strong></span> <span class='ocrx_word' id='word_1_475' title='bbox 1673 4444 1732 4495; x_wconf 77' lang='lat' dir='ltr'>et</span> <span class='ocrx_word' id='word_1_476' title='bbox 1749 4437 2105 4508; x_wconf 82' lang='lat' dir='ltr'><strong>Philoxenus,</strong></span> <span class='ocrx_word' id='word_1_477' title='bbox 2133 4441 2276 4495; x_wconf 86' lang='lat' dir='ltr'><strong>conf.</strong></span> <span class='ocrx_word' id='word_1_478' title='bbox 2303 4440 2486 4495; x_wconf 89' lang='lat' dir='ltr'><strong>Schol.</strong></span> <span class='ocrx_word' id='word_1_479' title='bbox 2512 4442 2552 4495; x_wconf 90' lang='grc' dir='ltr'>Β</span> <span class='ocrx_word' id='word_1_480' title='bbox 2573 4447 2690 4495; x_wconf 79' lang='grc'>415.</span> 
     </span>
    </p>
   </div>
  </div>
 </body>
</html>
