3144 5006
1330 434 1657 492 ΙΛΙΑΔΟ(
1704 432 1800 487 VI.
2598 427 2717 493 185

430 598 561 657 430
601 592 715 671 ἠδὲ
759 590 1158 670 καςίγνητος,
1206 589 1278 655 ςὺ
1317 588 1390 653 δέ
1433 609 1540 669 μοι
1586 588 1856 668 θαλερὸς
1902 586 2308 668 παρακοίτης.

603 693 743 759 ἀλλ’
786 692 903 770 ἄγε
946 695 1066 759 νῦν
1112 691 1360 771 ἐλέαιρε
1403 691 1506 756 καὶ
1548 689 1750 763 αὐτοῦ
1792 689 1959 769 μίμν’
2002 689 2105 755 ἐπὶ
2147 689 2396 774 πύργῳ,

602 797 684 877 μὴ
731 793 908 860 παῖδ’
952 793 1314 875 ὀρφανικὸν
1360 794 1517 877 θήῃς
1561 792 1765 873 χήρην
1808 812 1876 858 τε
1920 794 2219 869 γυναῖκα·

605 898 766 962 λαὸν
812 898 885 962 δὲ
929 899 1157 975 ςτῆςον
1203 894 1353 974 παρ’
1397 894 1678 977 ἐρινεόν,
1725 894 1883 959 ἔνθα
1924 894 2186 972 μάλιςτα

602 998 880 1081 ἀμβατός
923 998 1048 1064 ἐςτι
1092 997 1281 1063 πόλις
1324 998 1426 1062 καὶ
1468 996 1821 1076 ἐπίδρομον
1866 995 2102 1061 ἔπλετο
2146 997 2405 1075 τεῖχος..

432 1105 558 1165 435
602 1100 735 1180 τρὶς
777 1101 901 1180 γὰρ
945 1106 1021 1183 τῇ
1065 1100 1124 1177 γ’
1168 1098 1467 1165 ἐλθόντες
1513 1098 1912 1178 ἐπειρήςανθ’
1956 1097 2019 1163 οἱ
2062 1096 2300 1177 ἄριςτοι
2524 1090 2528 1094 ’

607 1201 768 1284 ἀμφ’
811 1200 1040 1267 Αἴαντε
1083 1201 1219 1266 δύω
1264 1200 1363 1265 καὶ
1408 1199 1772 1276 ἀγακλυτὸν
1818 1200 2145 1280 Ἰδομενῆα

602 1303 702 1383 ἠδ’
744 1302 905 1385 ἀμφ’
947 1302 1263 1383 Ἀτρείδας
1307 1303 1408 1367 καὶ
1449 1302 1692 1367 Τυδέος
1736 1301 2003 1381 ἄλκιμον
2048 1301 2216 1366 υἱόν·

603 1407 642 1486 ἤ
687 1404 816 1471 πού
860 1405 951 1471 τίς
995 1425 1145 1486 ςφιν
1189 1404 1404 1470 ἔνιςπε
1448 1404 1863 1483 θεοπροπίων
1909 1402 1981 1469 εὖ
2027 1403 2239 1480 εἰδώς,

605 1509 644 1587 ἤ
688 1528 767 1574 νυ
811 1507 912 1572 καὶ
955 1507 1170 1573 αὐτῶν
1215 1507 1411 1585 θυμὸς
1456 1506 1795 1584 ἐποτρύνει
1840 1506 1943 1570 κᾶὶ
1986 1504 2241 1582 ἀνώγει.

435 1615 562 1674 440
771 1610 888 1689 τὴν
933 1609 990 1673 δ’
1032 1606 1185 1673 αὖτε
1227 1609 1568 1687 προςέειπε
1614 1608 1808 1688 μέγας
1848 1607 2277 1687 κορυθαίολος
2319 1609 2591 1687 Ἕκτωρ·

605 1711 644 1792 ἦ
689 1711 789 1777 καὶ
832 1710 975 1792 ἐμοὶ
1015 1709 1168 1774 τάδε
1212 1710 1425 1776 πάντα
1467 1709 1641 1788 μέλει
1684 1710 1899 1786 γύναι·
1944 1709 2109 1775 ἀλλὰ
2154 1709 2299 1790 μάλ’
2343 1708 2537 1776 αἰνῶς

604 1812 895 1893 αἰδέομαι
938 1813 1164 1892 Τρῶας
1209 1812 1312 1877 καὶ
1355 1811 1663 1896 Τρῳάδας
1708 1811 2231 1889 ἑλκεςιπέπλους,

607 1913 674 1979 αἴ
715 1935 785 1980 κε
827 1915 1020 1980 κακὸς
1065 1914 1153 1980 ὣς
1199 1914 1429 1994 νόςφιν
1475 1912 1805 1980 ἀλυςκάζω
1849 1913 2194 1992 πολέμοιο·

608 2015 762 2082 οὐδέ
803 2036 878 2095 με
922 2017 1119 2096 θυμὸς
1163 2015 1452 2098 ἄνωγεν,
1497 2015 1635 2080 ἐπεὶ
1679 2014 1884 2097 μάθον
1928 2013 2187 2095 ἔμμεναι
2233 2014 2453 2081 ἐςθλὸς

435 2122 562 2181 445
607 2116 727 2184 αἰεὶ
768 2119 872 2183 καὶ
914 2118 1218 2197 πρώτοιςι
1262 2117 1419 2198 μετὰ
1462 2116 1738 2197 Τρώεςςι
1784 2115 2115 2200 μάχεςθαι,

607 2219 964 2301 ἀρνύμενος
1009 2219 1249 2299 πατρός
1291 2238 1361 2284 τε
1404 2219 1564 2297 μέγα
1609 2219 1796 2284 κλέος
1839 2218 1941 2297 ἠδ’
1983 2218 2139 2299 ἐμὸν
2184 2219 2403 2286 αὐτοῦ.

607 2319 679 2386 εὖ
721 2320 846 2400 γὰρ
890 2321 1020 2398 ἐγὼ
1064 2321 1213 2387 τόδε
1259 2320 1410 2387 οἶδα
1454 2321 1613 2386 κατὰ
1657 2320 1870 2402 φρένα
1913 2323 2016 2386 καὶ
2058 2322 2218 2387 κατὰ
2261 2322 2492 2403 θυμόν·

612 2422 850 2489 ἔςςεται
893 2421 1092 2507 ἦμαρ,
1137 2422 1233 2488 ὅτ’
1276 2422 1357 2489 ἄν
1403 2423 1549 2488 ποτ’
1592 2422 1810 2508 ὀλώλῃ
1853 2423 2043 2489 Ἴλιος
2085 2422 2187 2505 ἱρὴ

543 2573 552 2582 -
605 2525 704 2591 καὶ
748 2526 1038 2606 Πρίαμος
1082 2527 1185 2591 καὶ
1229 2526 1387 2591 λαὸς
1430 2524 1745 2605 ἐυμμελίω
1787 2525 2131 2606 Πριάμοιο.

433 2631 564 2691 450
605 2624 746 2693 ἀλλ’
790 2627 870 2692 οὔ
913 2647 1019 2706 μοι
1063 2627 1307 2706 Τρώων
1352 2627 1583 2694 τόςςον
1626 2627 1798 2705 μέλει
1842 2626 2042 2703 ἄλγος
2087 2628 2342 2706 ὀπίςςω,

439 2745 845 2777 ..—.—..-.-.-

509 2842 527 2858 ⁸
572 2827 638 2883 V.
675 2848 727 2883 1..
778 2835 879 2884 430
914 2829 1241 2897 παρακοίτι(
1278 2826 1341 2882 G.
1389 2829 1713 2897 παράκοιτις
1750 2829 1825 2882 Μ.
1862 2859 1930 2870 -
1970 2836 2069 2884 431
2106 2832 2199 2885 ἐπι
2234 2832 2297 2884 A.
2347 2860 2407 2871 —
2445 2838 2544 2886 432
2579 2833 2719 2899 θήῃς

435 2895 536 2951 ΔΟ
575 2896 788 2951 Townl.
823 2896 979 2950 Vrat.
1015 2897 1067 2950 b.
1116 2895 1296 2950 Cram.
1343 2896 1524 2966 Epim.
1560 2904 1686 2963 430,
1724 2903 1807 2952 29.
1862 2900 2002 2966 θήης
2036 2897 2158 2951 DH.
2212 2899 2424 2954 ΘΗΙΗ(
2461 2899 2717 2956 Αῐιὼτοε.

433 2964 589 3032 θείης
626 2961 915 3019 CGLMNS
949 2962 1098 3034 Lips.
1137 2963 1319 3018 Schol.
1357 2963 1524 3034 Soph.
1561 2965 1649 3023 Αἰ.
1686 2971 1802 3020 449.
1847 2995 1913 3004 -
1957 2972 2055 3020 434
2100 2967 2348 3046 ἄμβατός
2384 2965 2481 3020 CS.
2517 2997 2584 3006 --
2620 2973 2721 3021 435

433 3051 624 3169 335²:
661 3055 733 3118 τῇ
769 3049 819 3101 δ’
853 3048 906 3101 Η
941 3048 1168 3170 Townll.A
1188 3050 1317 3117 τῆγ’
1349 3050 1615 3171 ἳὲιῧνᾶἱς
1696 3068 1746 3117 ρ.
1782 3053 1872 3151 καί
1918 3051 2166 3171 διδλιὶᾗοῧ
2202 3054 2234 3105 δ
2280 3053 2371 3105 καὶ
2406 3052 2495 3105 διὰ
2528 3057 2719 3173 τοῠίαῑΐ

434 3132 791 3242 offlam:
823 3118 1377 3252 ff0‡.³3.2..2‚32.::.
1411 3184 1460 3237 D
1496 3185 1558 3238 Li
1602 3119 1652 3239 ἒῖ
1687 3119 1981 3253 όεέξξρἑῶίν
2016 3186 2075 3244 L.
2101 3121 2337 3240 2³14&
2357 3123 2721 3254 maza&

437 3251 503 3306 D.
541 3281 606 3291 —
642 3258 736 3305 441
777 3254 964 3319 μέλλει
1001 3252 1064 3307 Ο.
1102 3282 1165 3292 -
1200 3258 1300 3306 442
1336 3258 1523 3321 τρῷας
1614 3253 1673 3308 L.
1706 3256 1987 3321 τρωῖάδας
2011 3254 2203 3309 ΑΟΒΕ
2238 3255 2325 3308 bis
2360 3255 2537 3310 GMN.
2573 3256 2722 3310 ἑλκε-

433 3321 739 3375 ςιπέπλους
773 3321 839 3378 Α.
877 3350 941 3360 -
975 3327 1077 3375 443
1114 3321 1194 3376 ὡς
1219 3320 1335 3374 AD.
1369 3338 1454 3388 γρ.
1490 3325 1584 3376 καὶ
1622 3324 1793 3377 κακὸς
1830 3324 1865 3392 ᾇ
1888 3322 2042 3376 Euat.
2080 3328 2196 3389 654,
2232 3329 2315 3377 46.
2350 3340 2435 3391 γρ.
2471 3325 2642 3379 κακὸς
2668 3325 2721 3391 ἅ,

432 3387 614 3543 §av
649 3424 794 3476 καθὰ
828 3423 998 3476 κακός
1024 3421 1082 3476 L.
1122 3451 1178 3461 -
1218 3427 1320 3476 444
1353 3423 1486 3477 οὐδὲ
1522 3425 1591 3489 μὲ
1614 3423 1679 3477 A.
1717 3425 1839 3502 οὐδζ
1874 3424 1973 3490 ἐμὲ
1996 3423 2208 3478 Townl.
2236 3423 2403 3480 Mose.
2429 3433 2476 3480 2.
2512 3427 2723 3491 ἀνώγει
2842 3457 2853 3466 ·

437 3518 605 3610 viai?
630 3487 1170 3612 333132335‘250122
1193 3493 1548 3622 143⁶&
1579 3489 2552 3616 ’ἱῗὶκῗτὲιῗιῗῡΤ-Ὕιὲὖεᾶἰντ»ἑῖ;ὼ
2578 3492 2720 3617 ἓξῗῖὀ

435 3622 659 3678 DGNO.
697 3654 763 3662 -—
795 3622 896 3679 449
931 3600 1233 3692 ἐῦμμελίωι
1269 3626 1334 3703 A.
1373 3626 1637 3692 εὐμελίωι
1662 3625 1727 3680 D.
1763 3627 2006 3693 ἑϋμελίω
2043 3626 2140 3682 GO
2168 3628 2380 3682 Townl.
2419 3605 2721 3694 ἐϋμμελίου

436 3690 542 3746 CL.
580 3721 646 3731 -—
681 3699 782 3747 450
817 3695 941 3749 οὔτι
978 3711 1068 3759 μοι
1105 3691 1152 3746 G
1190 3708 1391 3747 omxsso
1427 3693 1616 3782 ἄλγος.
1658 3696 1867 3763 τρῲων
1903 3693 2015 3749 GL.
2061 3697 2292 3752 ὀπίςςωι
2326 3697 2393 3753 A.
2433 3699 2616 3751 ὁπῖςω
2652 3696 2719 3750 D.

571 3877 637 3932 A.
659 3897 705 3931 c.
741 3885 842 3933 43⁶2
861 3880 1046 3934 οὕτως
1074 3879 1402 3947 ἀρίςταρχος
1421 3882 1509 3935 διὰ
1530 3886 1635 3934 τοῦ
1656 3888 1703 3946 ἦ
1726 3882 1865 3948 θήῃς
1887 3879 2226 3949 Didymae,
2253 3882 2399 3935 conf.
2428 3881 2494 3936 H.
2521 3881 2583 3936 T.
2602 3887 2719 3935 406.

435 3947 506 3999 τὸ
542 3948 604 4000 δὲ
647 3947 827 4014 θείης,
874 3949 907 4001 ὃ
951 3949 1020 4013 δὴ
1068 3952 1319 4002 κοινῶς
1363 3955 1434 4017 τῇ
1480 3955 1530 4003 ἒῑ
1575 3949 1866 4014 διφθόγγῳ
1916 3952 2322 4016 παραλὴγεται,
2371 3951 2555 4003 πολλὰ
2600 3955 2720 4003 τῶν

434 4015 805 4082 ἀντιγράφων
840 4016 929 4069 διὰ
965 4018 1068 4068 τοῦ
1111 4022 1159 4079 ῆ
1194 4016 1505 4081 γράφουςιν
1542 4016 1607 4070 ἐν
1642 4023 1713 4083 τῇ
1752 4019 2151 4085 παραληγούςῃ
2188 4017 2340 4072 Euat.
2377 4022 2493 4081 653,
2532 4023 2613 4071 42.
2654 4048 2718 4056 —-

433 4088 705 4137 433—439
739 4084 1073 4137 ἀθετοῦνται
1110 4083 1282 4149 ςτίχοι
1320 4085 1465 4138 ἑπτά
1499 4084 1952 4137 Aristonicus,
1996 4114 2059 4122 —-
2107 4090 2207 4138 434
2242 4085 2431 4139 οὕτως
2466 4085 2719 4152 ἀρίςταρ·

433 4165 534 4216 χος
570 4149 828 4214 ἀμβατός.
865 4150 1266 4217 καλλίςτρατος
1301 4152 1390 4206 διὰ
1414 4158 1518 4207 τοο
1562 4158 1613 4217 ῆ“
1649 4151 1867 4217 ἀμβάτη
1893 4150 2019 4204 Did
2030 4169 2238 4219 ymuS.
2276 4181 2332 4189 -—
2376 4158 2475 4206 437
2515 4154 2720 4220 Ἀτρεί·

432 4220 561 4272 bac:
597 4219 631 4272 ὁ
678 4218 851 4272 Ἰξίων
894 4219 959 4272 ἐν
1003 4224 1089 4285 τῷ
1135 4220 1277 4285 πρὸς
1324 4223 1459 4275 τοὺς
1505 4219 1887 4287 ἠθετημένους
1936 4220 2192 4284 Ἀτρείδα
2234 4221 2578 4287 προφέρεται
2623 4223 2717 4288 (se.

434 4288 518 4406 ὼιξ
555 4286 982 4407 ᾌριςὸἱῗὶρῆειιῖν)
1018 4288 1224 4341 δυῑκῶς
1259 4287 1383 4340 Did
1393 4305 1606 4356 ymuS.
1641 4316 1708 4327 -
1745 4292 1845 4340 439
1880 4287 2103 4341 atnam:
2141 4288 2202 4342 ἐν
2247 4288 2413 4343 ἐνίοις
2449 4291 2486 4355 ἤ
2523 4307 2592 4343 νυ
2627 4293 2718 4344 καὶ

430 4370 471 4408 α
509 4369 644 4409 τους
790 4369 823 4408 ο
849 4395 862 4409 .
949 4396 960 4408 .
1021 4375 1024 4378 ·
