3144 5006
448 381 536 446 40
1409 382 1741 438 ιΛιΑΔος
1799 383 1861 440 Ξ.

629 538 910 621 θερμήνῃ
954 538 1059 601 καὶ
1102 537 1299 622 λούςῃ
1346 536 1478 602 ἄπο
1526 538 1760 619 βρότον
1805 536 2221 617 αἱματόεντα·

629 638 833 718 αὐτὰρ
879 638 1050 714 ἐγὼν
1096 639 1306 705 ἐλθὼν
1350 639 1512 718 τάχα
1555 636 1803 718 εἴςομαι
1847 639 1913 704 ἐς
1954 639 2308 719 περιωπήν.

801 741 888 805 ὣς
933 739 1134 806 εἰπὼν
1180 740 1369 806 ςάκος
1413 738 1544 805 εἷλε
1587 741 1977 817 τετυγμένον
2020 740 2159 806 υἷος
2202 742 2392 824 ἑοῖο,

508 851 585 909 10
629 842 921 922 κείμενον
966 841 1037 907 ἐν
1083 841 1310 925 κλιςίῃ,
1354 842 1805 922 Θραςυμήδεος
1847 842 2279 925 ἱπποδάμοιο,

625 946 842 1029 χαλκῷ
889 943 1305 1024 παμφαῖνον·
1352 945 1390 1008 ὃ
1436 943 1494 1008 δ’
1536 941 1631 1023 ἔχ’
1675 944 1912 1008 ἀςπίδα
1953 945 2198 1023 πατρὸς
2242 944 2404 1010 ἑοῖο.

637 1046 847 1112 εἵλετο
891 1045 948 1110 δ’
992 1037 1258 1123 ἄλκιμον
1304 1045 1531 1128 ἔγχος,
1577 1043 1940 1125 ἀκαχμένον
1986 1045 2117 1111 ὀξέι
2162 1045 2411 1132 χαλκῷ,

634 1151 743 1226 ςτῆ
789 1147 846 1212 δ’
889 1146 1072 1212 ἐκτὸς
1114 1145 1381 1230 κλιςίης,
1424 1147 1589 1227 τάχα
1634 1149 1690 1213 δ’
1735 1147 1967 1213 εἴςιδεν
2010 1148 2207 1228 ἔργον
2252 1147 2489 1233 ἀεικές,

630 1249 782 1314 τοὺς
828 1251 943 1327 μὲν
990 1246 1440 1328 ὀρινομένους,
1485 1249 1642 1314 τοὺς
1687 1250 1759 1314 δὲ
1804 1250 2193 1316 κλονέοντας
2239 1248 2492 1328 ὄπιςθε,

508 1358 584 1416 15
630 1353 859 1431 Τρῶας
902 1347 1336 1428 ὑπερθύμους·
1381 1349 1677 1430 ἐρέριπτο
1720 1351 1794 1415 δὲ
1834 1352 2050 1431 τεῖχος
2090 1351 2382 1446 ᾉχαιῶν.

631 1445 738 1516 ὡς’
769 1451 825 1516 δ’
868 1449 978 1517 ὅτε
1021 1451 1329 1535 πορφύρῃ
1373 1451 1658 1528 πέλαγος
1704 1452 1865 1532 μέγα
1908 1452 2131 1533 κύματι
2174 1459 2413 1538 κωφῷ,

632 1552 985 1633 ὀςςόμενον
1032 1552 1265 1629 λιγέων
1312 1552 1567 1632 ἀνέμων
1617 1555 1902 1634 λαιψηρὰ
1945 1554 2212 1619 κέλευθα

630 1654 839 1720 αὔτως
862 1703 877 1731 ,
925 1652 1064 1719 οὐδ’
1108 1653 1236 1734 ἄρα
1277 1674 1347 1720 τε
1390 1653 1880 1734 προκυλίνδεται
1925 1655 2066 1721 οὐδ’
2109 1656 2412 1739 ἑτέρωςε,

634 1755 783 1835 πρίν
826 1775 969 1822 τινα
1011 1756 1377 1836 κεκριμένον
1421 1756 1847 1837 καταβήμεναι
1892 1757 1962 1822 ἐκ
2005 1759 2169 1823 Διὸς
2215 1756 2449 1842 οὖρον,

507 1862 591 1921 20
634 1859 725 1922 ὣς
768 1857 806 1923 ὁ
853 1857 1068 1937 γέρων
1114 1857 1396 1938 ὥρμαινε
1442 1859 1821 1940 δαὶῖόμενος
1866 1859 2025 1924 κατὰ
2069 1861 2274 1941 θυμὸν

633 1959 919 2042 διχθάδι’,
963 1959 1001 2037 ἢ
1047 1960 1181 2038 μεθ’
1224 1958 1454 2040 ὅμιλον
1498 1960 1586 2026 ἴοι
1632 1962 1919 2028 Δαναῶν
1963 1963 2404 2043 ταχυπώλων,

633 2059 707 2139 ἦε
751 2060 881 2140 μετ’
925 2059 1248 2141 Ἀτρείδην
1294 2063 1772 2144 Ἀγαμέμνονα,
1819 2063 2095 2144 ποιμένα
2138 2065 2335 2129 λαῶν.

636 2159 766 2227 ὧδε
811 2162 883 2227 δέ
928 2161 991 2226 οἱ
1034 2164 1388 2242 φρονέοντι
1434 2164 1748 2229 δοάςςατο
1795 2164 2049 2244 κέρδιον
2093 2164 2293 2247 εἶναι,

637 2266 820 2342 βῆναι
859 2263 961 2330 ἐπ’
1005 2263 1342 2344 Ἀτρείδην.
1430 2266 1499 2330 οἳ
1543 2265 1602 2330 δ’
1645 2265 1967 2345 ἀλλήλους
2010 2265 2305 2347 ἐνάριζον

514 2370 593 2428 25
640 2365 1058 2446 μαρνάμενοι·
1106 2365 1258 2431 λάκε
1304 2366 1377 2431 δέ
1422 2388 1532 2447 ςφι
1576 2369 1726 2448 περὶ
1768 2366 1917 2448 χροῒ
1960 2368 2196 2448 χαλκὸς
2240 2366 2492 2449 ἀτειρὴς

637 2467 1044 2547 νυςςομένων
1087 2467 1329 2549 ξίφεςίν
1371 2489 1442 2536 τε
1485 2468 1586 2534 καὶ
1631 2467 1876 2550 ἔγχεςιν
1922 2468 2307 2552 ἀμφιγύοιςι.

819 2570 1080 2652 Νέςτορι
1126 2572 1196 2635 δὲ
1241 2571 1596 2651 ξύμβληντο
1643 2572 2015 2652 διοτρεφέες
2059 2575 2349 2652 βαςιλῆες

640 2673 772 2751 πὰρ
817 2677 993 2751 νηῶν
1038 2670 1362 2756 ἀνιόντες,
1408 2673 1546 2739 ὅςοι
1594 2673 1905 2756 βεβλήατο
1949 2677 2197 2756 χαλκῷ,

639 2773 943 2854 Τυδείδης
986 2774 1288 2839 Ὀδυςεύς
1331 2796 1401 2839 τε
1447 2775 1548 2840 καὶ
1594 2774 1911 2854 Ἀτρείδης
1956 2776 2387 2857 Ἀγαμέμνων.

609 3026 676 3079 V.
715 3045 765 3084 ι..
840 3032 869 3081 7
907 3031 1046 3094 θερμ
1089 3045 1199 3093 ινηι
1235 3027 1293 3082 C.
1331 3029 1559 3095 λούςηδ’
1593 3028 1642 3082 D
1668 3044 1776 3081 om.
1816 3030 1925 3081 καὶ.
1961 3029 2078 3083 ἄπο
2114 3026 2267 3081 ΑΕΗ
2301 3027 2462 3085 Rom.
2498 3028 2615 3082 ἀπὸ
2637 3025 2760 3081 DG.

341 3132 356 3143 -
472 3096 586 3150 ἀπο
622 3094 726 3154 CL.
777 3125 840 3134 —-
884 3099 917 3147 8
954 3095 1032 3149 εἰς
1123 3096 1226 3149 rat.
1262 3095 1326 3153 A.
1375 3126 1438 3134 -
1485 3102 1517 3150 9
1555 3099 1634 3152 ὡς
1671 3096 1735 3149 A.
1781 3097 1924 3150 ἑοῑοι
1973 3097 2103 3163 ἑῆος
2138 3095 2289 3154 Euat.
2326 3101 2443 3161 964,
2481 3100 2547 3151 20
2583 3095 2643 3149 et
2675 3101 2759 3149 21.

465 3163 634 3219 Rom.
659 3193 724 3203 -
763 3168 823 3217 11
862 3162 1211 3229 παμφαίνων
1229 3161 1295 3217 D.
1333 3164 1365 3218 ὃ
1401 3164 1453 3218 δ’
1475 3162 1543 3218 D.
1581 3166 1665 3218 ὅδ’
1701 3162 1914 3220 CGHL.
1941 3193 2003 3203 --
2043 3170 2107 3217 14
2141 3165 2336 3219 ὄπιςθε
2374 3162 2547 3219 ACH:
2584 3162 2761 3216 ceteri

476 3277 823 3367 &meoem—
873 3302 936 3351 15
970 3304 1159 3364 τρῷας
1193 3297 1251 3355 L.
1289 3254 1580 3366 ἑρέρειίπτο
1616 3298 1672 3356 0.
1722 3329 1782 3338 —
1832 3303 1896 3352 16
1932 3316 2009 3353 πο
2094 3299 2200 3368 ύρῃ
2238 3297 2539 3353 ADEGHL
2571 3296 2758 3367 Apoll.

475 3365 644 3434 Soph.
695 3370 811 3430 106,
857 3369 938 3419 12.
986 3372 1100 3429 133,
1147 3372 1228 3421 32.
1276 3366 1458 3422 Schol.
1512 3370 1555 3422 Λ
1602 3372 1718 3421 269.
1762 3367 1852 3420 Εἰς.
1897 3365 1985 3421 Gu
2028 3407 2042 3421 .
2085 3373 2202 3431 360,
2247 3373 2308 3421 28
2361 3367 2642 3434 πορφύρει
2677 3364 2761 3420 OS

475 3432 627 3502 Lipe.
653 3431 811 3486 Vrat.
835 3433 900 3486 A.
939 3431 1123 3487 Schol.
1157 3432 1321 3489 Pind.
1357 3434 1520 3503 Pyth.
1558 3434 1656 3502 IV,
1692 3441 1810 3490 373.
1846 3433 1933 3494 Et.
1960 3433 2075 3504 ΜΒ.
2111 3440 2230 3501 684,
2268 3441 2344 3492 13.
2371 3465 2436 3474 -
2474 3439 2536 3488 18
2570 3436 2762 3488 αὔτως

476 3532 686 3590 AODL.
727 3513 961 3589 ΑΫΤΩ(
996 3535 1118 3605 Syr.
1169 3539 1358 3593 αὕτως
1403 3536 1557 3593 EGH
1604 3537 1788 3593 Schol.
1834 3540 1877 3593 Λ
1915 3543 2031 3592 269.
2075 3539 2184 3606 ἄρα
2219 3554 2310 3592 re:
2358 3539 2429 3606 ἄρ
2474 3553 2539 3592 τε
2576 3534 2758 3591 Schol.

475 3605 518 3657 Λ
547 3607 664 3657 269.
700 3604 823 3658 οὐδ’
857 3605 1096 3670 ἑτέρωςε
1122 3603 1421 3660 ACDGHL
1447 3606 1564 3675 Syr.
1592 3605 1751 3665 Cant.
1785 3605 1924 3665 Mor.
1950 3605 2107 3660 Vrat.
2134 3605 2201 3663 A.
2237 3604 2381 3664 Flor.
2417 3606 2761 3672 οὐδετέρωςε

475 3670 539 3729 Ε.
590 3698 655 3709 --
693 3676 756 3725 19
794 3673 1180 3740 κεκρυμμένον
1212 3672 1274 3727 L.
1322 3704 1384 3762 3-
1431 3682 1497 3728 20
1533 3675 1713 3763 ᾡςΔ.
1759 3676 1986 3741 ὅρμαινε
2022 3672 2090 3727 D.
2136 3689 2280 3728 κατα
2314 3674 2381 3727 A.
2426 3704 2493 3714 —
2537 3679 2597 3727 21
2638 3673 2764 3727 καθ’

477 3736 1279 3940 ἷῖὲζῗνῩιῖδΕῗῗάμῖς-ηγῗοιίἶ
1311 3741 1625 3863 ἍΕΙέῘιῨὶ-Ῠ-
1652 3739 2148 3877 ἓξΠδῗοτ-ροξὲεὲτε
2186 3757 2206 3795 ι
2242 3742 2314 3848 ἑ
2342 3771 2430 3863 2-8-
2442 3746 2559 3878 πῖαῗι
2586 3739 2643 3862 i
2685 3756 2765 3861 ⁵15¹

482 3879 542 3942 βε
578 3877 783 3941 ληατο;
823 3878 1134 3944 βεβολήατο
1171 3875 1356 3935 Schol.
1398 3881 1410 3932 Ι
1450 3883 1496 3934 5.
1532 3906 1600 3917 -
1637 3883 1702 3931 29
1736 3878 1966 3933 ὁδυςεύς
2003 3875 2059 3931 C.
2098 3878 2357 3933 ὀδυςςεύς
2393 3875 2515 3938 DG.

614 4115 682 4183 A.
717 4131 762 4171 0.
826 4118 891 4169 16
926 4117 1222 4184 πορφύρῃε
1269 4115 1333 4170 ἐν
1376 4121 1456 4236 τῇ
1494 4116 1803 4183 ζηνοδότου
1850 4115 2131 4183 πορφύρει
2174 4115 2262 4169 διὰ
2307 4118 2412 4169 τοῦ
2448 4113 2764 4202 {Didy-

490 4198 649 4236 mus.
686 4212 749 4222 -
791 4187 853 4236 18
877 4185 1095 4248 αὔτως,
1134 4182 1278 4236 conf.
1313 4181 1382 4237 H.
1461 4225 1472 4236 .
1500 4190 1601 4237 210
1625 4187 1685 4237 et
1723 4185 1757 4238 Γ
1782 4189 1880 4236 220
1914 4186 1969 4236 τ’
2002 4184 2208 4239 αὔτως.
2242 4184 2291 4237 Ψ
2315 4188 2416 4237 268
2450 4184 2515 4238 ἔτ
2555 4183 2767 4240 αὔτως.

485 4250 514 4300 ξ
551 4254 644 4302 151
682 4250 790 4304 οὐκ
825 4251 1036 4304 αὔτως.
1092 4252 1278 4306 οὕτως
1314 4251 1436 4305 οὐδ’
1470 4252 1578 4319 ἄρα
1621 4267 1686 4305 τε
1731 4252 1818 4306 διὰ
1852 4255 1956 4304 τοο
1990 4256 2059 4305 ’ἤ
2092 4251 2151 4305 αἱ
2186 4250 2520 4319 ἀριςτάρχου
2554 4247 2767 4320 Didy-

484 4329 660 4371 mus.
686 4344 750 4356 -
788 4322 852 4370 21
891 4319 1123 4383 διχθάδι’
1155 4321 1190 4384 ἢ
1227 4316 1610 4375 Herodianus:
1649 4317 1747 4373 alii
1781 4317 2030 4389 διχθαδίῃ
2067 4320 2124 4386 ἢ.
