3144 5006
1355 430 1685 486 ιΛιΑΔος
1742 429 1864 485 xx.
2597 433 2722 500 231

610 583 685 648 ἃς
727 585 974 664 Τρώων
1020 589 1370 666 βαςιλεῦςιν
1416 583 1677 666 ὑπίςχεο
1725 586 2208 671 οἰνοποτάζων,

482 691 563 750 85
606 686 941 767 Πηλείδεω
987 687 1276 767 Ἀχιλῆος
1320 686 1682 770 ἐναντίβιον
1726 688 2123 771 πολεμίξειν;

783 789 901 854 τὸν
947 789 1005 854 δ’
1049 787 1185 854 αὖτ’
1231 789 1478 857 Αἰνείας
1521 790 2034 873 ἀπαμειβόμενος
2076 793 2445 872 προςέειπε·

608 891 958 974 Πριαμίδη,
1004 890 1062 957 τί
1106 910 1181 972 με
1224 894 1426 958 ταῦτα
1468 893 1574 958 καὶ
1616 892 1734 959 οὐκ
1777 893 2085 961 ἐθέλοντα
2128 895 2443 978 κελεύεις,

610 991 794 1059 ἀντία
835 994 1213 1073 Πηλείωνος
1259 992 1650 1074 ὑπερθύμοιο
1697 995 2036 1076 μάχεςθαι;

611 1095 690 1162 οὐ
736 1098 852 1176 μὲν
896 1096 1020 1176 γὰρ
1066 1099 1187 1163 νῦν
1231 1101 1457 1177 πρῶτα
1499 1098 1837 1163 ποδώκεος
1882 1096 2022 1164 ἄντ’
2065 1097 2356 1177 Ἀχιλῆος

488 1206 570 1264 90
614 1200 942 1278 ςτήςομαι,
990 1198 1131 1263 ἀλλ’
1172 1197 1295 1279 ἤδη
1340 1219 1416 1279 με
1459 1199 1561 1264 καὶ
1605 1199 1837 1265 ἄλλοτε
1883 1200 2069 1278 δουρὶ
2111 1199 2396 1281 φόβηςεν

608 1302 672 1368 ἐξ
715 1302 912 1385 Ἴδης,
957 1298 1068 1366 ὅτε
1114 1302 1329 1382 βουςὶν
1377 1301 1695 1380 ἐπήλυθεν
1740 1302 2109 1386 ἡμετέρῃςι,

615 1404 806 1484 πέρςε
853 1404 924 1468 δὲ
968 1403 1335 1483 Λυρνηςςὸν
1379 1404 1482 1470 καὶ
1523 1404 1860 1483 Πήδαςον·
1910 1403 2112 1484 αὐτὰρ
2155 1406 2266 1485 ἐμὲ
2309 1404 2477 1471 Ζεὺς

608 1504 896 1584 εἰρύςαθ’,
943 1503 1018 1571 ὅς
1060 1527 1167 1587 μοι
1212 1505 1461 1586 ἑπῶρςε
1506 1507 1704 1586 μένος
1753 1507 2037 1587 λαιψηρά
2078 1527 2148 1572 τε
2192 1510 2419 1584 γοῦνα.

607 1608 645 1687 ἦ
690 1606 746 1672 κ’
789 1607 1030 1688 ἐδάμην
1075 1607 1204 1674 ὑπὸ
1250 1609 1462 1688 χὲρςὶν
1507 1608 1837 1688 Ἀχιλλῆος
1882 1609 1984 1673 καὶ
2027 1608 2320 1688 Ἀθήνης,

484 1716 564 1773 95
609 1709 649 1788 ἥ
696 1708 755 1776 οἱ
797 1710 1076 1789 πρόςθεν
1122 1710 1303 1776 ἰοῦςα
1344 1709 1503 1776 τίθει
1544 1710 1719 1791 φάος
1762 1710 2179 1803 ἠδὲικέλευεν

378 1810 385 1817 “
608 1811 785 1891 ἔγχεϊ
828 1809 1103 1895 χαλκείῳ
1148 1810 1427 1888 Λέλεγας
1472 1813 1577 1876 καὶ
1616 1812 1845 1892 Τρῶας
1889 1811 2186 1890 ἐναίρειν.

610 1917 702 1978 τῶ
750 1912 866 1977 οὐκ
910 1912 1035 1979 ἔςτ’
1079 1914 1372 1993 Ἀχιλῆος
1417 1913 1714 1980 ἐναντίον
1759 1913 1967 1993 ἀνδρα
2009 1912 2338 1993 μάχεςθαι·

608 2015 727 2081 αἰεὶ
769 2017 892 2094 γὰρ
938 2015 1114 2095 πάρα
1159 2014 1249 2081 εἷς
1294 2037 1368 2092 γε
1412 2020 1620 2100 θεῶν,
1666 2016 1741 2082 ὃς
1786 2016 2012 2091 λοιγὸν
2058 2015 2301 2092 ἀμύνει.

608 2119 711 2183 καὶ
754 2117 810 2182 δ’
854 2115 1069 2182 ἄλλως
1111 2121 1230 2183 τοῦ
1273 2118 1333 2195 γ’
1378 2117 1477 2183 ἰθὺ
1524 2119 1712 2199 βέλος
1757 2117 1986 2201 πέτετ’,
2034 2116 2173 2182 οὐδ’
2219 2115 2533 2198 ἀπολήγει

446 2227 567 2286 100
610 2210 760 2299 πρὶν
806 2221 1007 2299 χροὸς
1050 2218 1442 2299 ἀνδρομέοιο
1489 2221 1839 2299 διελθέμεν.
1929 2218 1984 2284 εἰ
2030 2220 2101 2284 δὲ
2145 2218 2293 2284 θεός
2336 2239 2460 2299 περ

603 2320 750 2386 ἷςον
793 2320 1058 2387 τείνειεν
1102 2322 1394 2400 πολέμου
1437 2323 1660 2407 τέλος,
1707 2321 1787 2387 οὔ
1829 2342 1907 2401 με
1951 2320 2120 2402 μάλα
2165 2320 2282 2399 ῥέα

607 2425 872 2505 νικήςει,
919 2422 1060 2489 οὐδ’
1105 2424 1160 2489 εἰ
1203 2424 1610 2506 παγχάλκεος
1656 2424 1905 2506 εὔχεται
1950 2422 2138 2489 εἶναι.

783 2526 900 2592 τὸν
944 2525 1003 2589 δ’
1046 2523 1198 2591 αὖτε
1243 2527 1623 2606 προςέειπεν
1669 2526 1828 2594 ἄναξ
1872 2528 2036 2592 Διὸς
2081 2525 2220 2591 υἱὸς
2265 2525 2639 2591 Ἀπόλλων·

603 2627 809 2711 ἥρως,
854 2625 996 2692 ἀλλ’
1039 2626 1155 2704 ἄγε
1198 2628 1302 2694 καὶ
1345 2629 1417 2695 ςὺ
1461 2633 1636 2695 θεοῖς
1680 2629 2126 2712 αἰειγενέτῃςιν

572 2865 639 2919 V.
678 2884 731 2920 ι..
799 2870 867 2919 84
904 2863 968 2918 ἃς
1004 2861 1341 2919 ACDGHLS
1379 2863 1536 2920 Cant..
1581 2865 1804 2920 Baroce.
1843 2863 1980 2920 Mor.
2018 2863 2158 2919 Ven.
2197 2862 2261 2919 B.
2308 2863 2437 2919 Vat.
2473 2863 2630 2920 Vrafi.
2666 2864 2725 2921 b.

434 2934 491 2988 d.
535 2933 602 2988 A.
658 2932 860 2988 Suidas
904 2931 972 2997 11,
1019 2938 1067 2998 2,
1115 2938 1232 2995 292,
1277 2939 1358 2986 21.
1413 2940 1514 2987 τὰς
1551 2931 1597 2985 Ε
1644 2932 1763 3000 Syr.
1820 2932 1949 2989 edd.
1984 2934 2124 2990 vett.
2170 2933 2413 2987 correxit
2457 2931 2725 3001 HeyniuS.

430 3005 643 3070 τρώων
676 3001 735 3058 L.
784 3000 1014 3066 ὑπίςχεο
1056 2999 1258 3055 ACDH
1303 3017 1371 3055 ex
1416 3018 1556 3058 corr.
1605 3000 1817 3054 Townl.
1865 2999 2035 3056 Mose.
2081 3008 2130 3054 2.
2179 3000 2321 3055 Ven.
2366 3000 2429 3053 B.
2479 2999 2636 3055 Vrat.
2673 3000 2727 3054 d.

431 3056 669 3136 ὑπέςχεο
702 3066 886 3122 EGLS
923 3066 1042 3136 Syr.
1082 3067 1283 3122 Suidas
1315 3068 1353 3122 l.
1397 3068 1434 3121 l.
1480 3068 1625 3140 conf.
1662 3072 1709 3124 Ψ
1749 3074 1860 3125 195.
1908 3099 1974 3107 -
2018 3074 2086 3123 85
2132 3070 2163 3104 *
2209 3069 2559 3135 πολεμίξεινε
2596 3067 2725 3122 libri

433 3138 771 3204 πολεμίζειν,
808 3135 954 3195 conf.
993 3137 1032 3189 Β
1070 3141 1185 3192 328.
1239 3138 1277 3190 Κ
1311 3143 1426 3191 451.
1477 3137 1519 3189 Ν
1559 3141 1678 3193 644.
1724 3137 1770 3191 Ο
1811 3142 1925 3191 179.
1971 3138 2016 3192 Ω
2052 3142 2168 3191 667.
2217 3167 2283 3176 -·
2328 3141 2394 3192 86
2427 3155 2472 3192 π
2543 3137 2726 3191 ςέειπε

433 3204 687 3261 ACDGH
724 3204 845 3273 Syr.
868 3233 932 3243 -—
969 3209 1034 3258 87
1069 3205 1125 3259 τί
1161 3221 1230 3269 με
1266 3204 1449 3263 omitt.
1477 3203 1531 3258 L.
1562 3233 1618 3243 —
1660 3210 1725 3258 89
1761 3208 1867 3258 νῦν
1892 3199 2073 3258 omitt.
2108 3204 2164 3262 S.
2199 3207 2307 3272 γὰρ
2342 3207 2410 3271 δὴ
2504 3204 2552 3258 G
2577 3202 2726 3262 Flor.

434 3280 667 3343 πρῶτον
703 3273 762 3328 C.
798 3274 1063 3339 ἀχιλλῆος
1098 3271 1160 3326 Ε.
1208 3309 1273 3317 -
1319 3279 1380 3326 91
1422 3274 1723 3341 ήμετέρῃςι
1768 3271 1910 3327 CDE
1947 3271 2071 3341 Syr.
2117 3301 2185 3312 —
2231 3280 2295 3327 92
2344 3274 2625 3340 λυρνηςὸν
2658 3273 2719 3327 L.

434 3345 719 3411 πήδαςςον
756 3341 814 3396 C.
851 3370 915 3380 —
952 3346 1017 3394 93
1052 3341 1262 3409 ἑνῶρςε
1298 3339 1513 3398 Townl.
1554 3357 1621 3395 τε
1657 3340 1837 3394 omitt.
1877 3340 1934 3395 C.
1978 3341 2231 3407 γούνατα
2267 3341 2326 3397 1..
2372 3371 2437 3380 -
2484 3346 2549 3395 94
2585 3342 2621 3408 ἦ
2660 3358 2723 3396 κε

433 3448 615 3514 δάμην
650 3443 720 3499 H.
755 3445 986 3511 ἀχῖλῆος
1024 3443 1081 3503 C.
1116 3479 1184 3488 --
1220 3449 1286 3499 95
1321 3444 1467 3511 φάος
1506 3443 1607 3498 εἶδ’
1641 3442 1704 3497 G.
1750 3446 1852 3511 ἤδε
1889 3445 2120 3499 κέλευεν
2156 3443 2223 3497 Η.
2276 3422 2721 3499 ΗΔΕΚὲΛΕΥΕΝ

438 3513 559 3582 Syr.
595 3512 770 3583 vulgo
824 3514 909 3580 ἠδ’
946 3513 1224 3569 ἐκέλευεν.
1270 3514 1560 3567 ἑκὲλευςεν
1596 3510 1644 3564 D
1680 3511 1820 3568 Mor.
1869 3511 2037 3565 Mose.
2089 3517 2136 3565 2.
2184 3541 2246 3551 —
2293 3517 2359 3566 96
2404 3514 2629 3590 λέλεξας
2665 3511 2724 3565 L.

431 3580 819 3705 ssss‘zff‘asz
849 3586 921 3703 δῖ
954 3579 1704 3728 ῖῒοέῡὲξὲιῇῖτιτΐὸξ·
1724 3579 2723 3716 123¹&ssffifflffimgssssffssdai

430 3721 568 3776 vett.
605 3716 790 3771 Schol.
835 3720 885 3771 Φ
937 3719 1034 3770 169
1079 3716 1441 3784 (Anstomcl).
1491 3732 1559 3771 an
1608 3721 1712 3771 τοῦ
1760 3717 1880 3771 ἰθὺς
1926 3719 2158 3771 πέτεται
2205 3718 2410 3783 βέλοςὶ)
2468 3717 2532 3770 ἐν
2568 3717 2722 3785 ἄλλῳ

432 3788 520 3842 ἰθὺ
594 3787 728 3854 ωρὶς
772 3789 877 3839 τοῦ
913 3788 947 3840 Ε
981 3787 1045 3838 A.
1091 3815 1159 3825 —
1207 3791 1303 3838 100
1336 3785 1629 3849 διελθέμεν
1673 3783 1906 3838 DEHLS
1940 3784 2088 3852 Lips.
2127 3784 2256 3842 edd.
2294 3785 2437 3839 vett.
2485 3784 2725 3839 διελθεῖν

434 3855 524 3909 AC
581 3894 595 3908 .
629 3871 715 3921 γρ.
753 3855 932 3908 διελθέ
977 3870 1040 3908 εν
1075 3852 1142 3907 A.
1180 3883 1243 3891 —
1287 3858 1378 3906 101
1416 3852 1616 3907 τείνειε
1654 3852 1794 3907 CDE
1832 3851 1954 3920 Syr.
1992 3852 2139 3921 Lips.
2179 3851 2326 3906 Flor.
2363 3849 2523 3905 Rom.
2563 3853 2633 3906 οῠ
2660 3869 2724 3907 κε

432 3922 525 3977 Ac
559 3921 715 3976 Harl.
754 3921 928 3975 Town
953 3968 965 3981 .
1002 3922 1071 3976 οὔ
1110 3938 1177 3987 με
1213 3922 1305 3975 καὶ
1344 3921 1492 3987 μάλα
1536 3918 1581 3972 L
1623 3920 1773 3990 Lips.
1818 3921 1941 3988 ῥεῖα
1986 3920 2080 3975 GL·
2125 3919 2272 3989 Lips.
2320 3919 2482 3973 Rom.
2517 3950 2583 3959 —
2625 3926 2722 3975 102

424 4026 664 4094 ἡνικήςειε
710 4025 905 4092 νικήςῃ
953 4024 1082 4082 Vat.
1128 4023 1419 4078 Bentleius
1462 4025 1707 4086 νικήςει’.
1763 4060 1829 4068 -
1890 4030 1983 4078 103
2030 4002 2226 4080 ᾸΝΑΞ
2272 4023 2725 4079 ΑΝΔΡΩΝΑΓΑ-

435 4093 740 4147 ΜΕΜΝΟΝ
789 4090 910 4161 Syr.
956 4109 1231 4162 suprascr.
1280 4098 1329 4144 2.
1374 4107 1520 4145 man.
1568 4092 2282 4148 ΕΚΑΕΡΓΟΕΑΠΟΛΛΩΝ.
2329 4120 2394 4131 —-
2447 4098 2542 4145 104
2577 4092 2722 4146 ἀλλά

433 4176 499 4226 γε
535 4158 682 4214 CDH
718 4159 778 4214 et
811 4160 943 4214 olim
979 4161 1169 4231 vulgo.
1209 4162 1336 4215 ἀλλ’
1370 4161 1472 4225 ἄγε
1518 4157 1715 4213 AEGL
1752 4159 1911 4220 Rom,
1947 4158 2157 4215 Hal-lei.
2208 4160 2627 4225 αἰειγενέτοιςιν
2661 4159 2722 4218 L.

574 4379 639 4435 A.
675 4396 721 4434 c.
794 4385 860 4434 84
896 4382 1081 4437 οὕτως
1117 4382 1205 4436 διὰ
1241 4385 1344 4437 τοῦ
1386 4387 1421 4436 ἶ
1459 4379 1689 4450 ὑπίςχεο
1726 4378 2071 4451 Didymus,
