3144 5006
1123 437 1455 491 ΙΛΙΑΔΟΕ
1513 433 1686 490 ΧΧΙΙ.
1722 435 1921 524 ΧὶξΙΗ.
2553 441 2672 502 311

561 591 764 656 λεπτά
806 610 876 654 τε
921 590 1020 655 καὶ
1063 590 1392 669 χαρίεντα,
1439 591 1790 669 τετυγμένα
1832 592 2007 670 χερςὶ
2047 598 2395 668 γυναικῶν.

565 689 706 755 ἀλλ’
748 690 786 770 ἦ
834 712 933 756 τοι
976 691 1129 756 τάδε
1174 691 1384 756 πάντα
1426 692 1805 773 καταφλέξω
1847 694 2003 772 πυρὶ
2045 693 2288 777 κηλέῳ,

561 791 755 859 οὐδὲν
800 792 897 857 ςοί
939 793 997 866 γ’
1041 790 1318 874 ὄφελος,
1365 793 1500 858 ἐπεὶ
1546 793 1666 858 οὐκ
1710 793 2011 870 ἐγκείςεαι
2055 794 2304 877 αὐτοῖς,

559 895 725 960 ἀλλὰ
768 894 933 973 πρὸς
978 894 1222 973 Τρώων
1266 895 1368 959 καὶ
1409 894 1762 974 Τρωιάδων
1807 896 1993 962 κλέος
2036 894 2223 963 εἶναι.

390 1001 510 1059 515
726 996 815 1061 ὣς
858 994 1066 1077 ἔφατο
1111 995 1408 1079 κλαίους’,
1454 997 1559 1062 ἐπὶ
1603 997 1674 1062 δὲ
1720 997 2105 1077 ςτενάχοντο
2149 1000 2459 1074 γυναῖκες.

1230 1337 1675 1415 ΙΛΙΑΔΟ(
1739 1342 1819 1415 ψ.

731 1505 848 1572 Ὥς
893 1506 958 1570 οἳ
1001 1506 1117 1585 μὲν
1162 1504 1546 1586 ςτενάχοντο
1592 1505 1753 1571 κατὰ
1795 1506 2053 1572 πτόλιν·
2103 1505 2305 1586 αὐτὰρ
2351 1507 2590 1586 Ἀχαιοὶ

557 1609 695 1674 ἐπεὶ
740 1609 817 1687 δὴ
864 1609 1024 1685 νῆάς
1067 1628 1135 1673 τε
1180 1608 1283 1672 καὶ
1325 1606 1797 1686 Ἑλλήςποντον
1838 1606 2094 1691 ἵκοντο,

557 1710 622 1773 οἳ
666 1711 782 1788 μὲν
826 1708 929 1789 ἄρ’
970 1710 1336 1776 ἐςκίδναντο
1380 1709 1493 1788 ἑὴν
1540 1708 1646 1773 ἐπὶ
1689 1711 1814 1787 νῆα
1857 1708 2137 1775 ἕκαςτος.

558 1811 971 1891 Μυρμιδόνας
1017 1810 1074 1877 δ’
1118 1810 1237 1876 οὐκ
1281 1809 1382 1876 εἴα
1423 1809 1914 1876 ἀποςκίδναςθαι
1958 1812 2311 1896 Ἀχιλλεύς,

473 1918 510 1975 5
556 1911 698 1976 ἀλλ’
742 1911 781 1977 ὅ
822 1933 898 1991 γε
943 1912 1040 1978 οἷς
1085 1912 1928 1994 ἑτάροιςιφιλοπτολέμοιςι
1971 1913 2279 1994 μετηύδα·

735 2013 1137 2094 Μυρμιδόνες
1181 2015 1590 2098 ταχύπωλοι,
1635 2014 1777 2095 ἐμοὶ
1819 2014 2064 2094 ἐρίηρες
2109 2015 2385 2095 ἑταῖροι,

555 2117 638 2196 μὴ
686 2117 764 2195 δή
809 2138 912 2181 πώ
959 2115 1066 2180 ὑπ’
1110 2115 1339 2198 ὄχεςφι
1385 2117 1682 2196 λυώμεθα
1725 2117 2026 2196 μώνυχας
2068 2115 2339 2198 ἵππους,

557 2218 696 2283 ἀλλ’
741 2218 961 2285 αὐτοῖς
1002 2217 1250 2284 ἵπποιςι
1292 2219 1396 2283 καὶ
1439 2217 1706 2297 ἅρμαςιν
1752 2216 1946 2283 ἆςςον
1991 2218 2198 2282 ἰόντες

552 2320 939 2399 Πάτροκλον
982 2321 1328 2399 κλαίωμεν·
1381 2321 1419 2384 ὃ
1464 2321 1588 2400 γὰρ
1631 2320 1825 2401 γέρας
1870 2320 1999 2384 ἐςτὶ
2040 2320 2395 2385 θανόντων.

431 2429 510 2485 10
554 2422 756 2501 αὐτὰρ
799 2421 943 2487 ἐπεί-
981 2422 1035 2486 κ’
1080 2421 1306 2489 ὀλοοῖο
1352 2422 1843 2502 τεταρπώμεςθα
1883 2422 2104 2503 γόοιο,

545 2524 787 2591 ἵππους
830 2525 1169 2604 λυςάμενοι
1211 2526 1617 2606 δορπήςομεν
1663 2524 1891 2592 ἐνθάδε
1934 2524 2192 2591 πάντες.

731 2627 821 2692 ὣς
867 2627 1071 2709 ἔφαθ’,
1121 2627 1188 2692 οἳ
1229 2627 1287 2690 δ’
1335 2628 1610 2710 ᾤμωξαν
1656 2626 1959 2709 ἀολλέες,
2011 2625 2167 2705 ἦρχε
2213 2626 2270 2691 δ’
2315 2626 2659 2705 Ἀχιλλεύς.

549 2728 615 2792 οἳ
660 2730 731 2794 δὲ
773 2729 903 2808 τρὶς
948 2729 1094 2807 περὶ
1135 2729 1364 2808 νεκρὸν
1410 2728 1703 2808 ἐΰτριχας
1745 2727 1989 2806 ἤλαςαν
2031 2727 2273 2793 ἵππους

546 2830 922 2909 μυρόμενοι·
948 2830 1126 2910 ’μετὰ
1169 2830 1242 2894 δέ
1287 2851 1395 2911 ςφι
1441 2830 1623 2895 Θέτις
1665 2829 1829 2906 γόου
1870 2828 2097 2908 ἵμερον
2143 2827 2329 2908 ὦρςε.

426 2938 501 2994 15
547 2931 822 2997 δεύοντο
868 2931 1190 3014 ψάμαθοι,
1234 2931 1506 2997 δεύοντο
1554 2932 1626 2996 δὲ
1669 2932 1900 3010 τεύχεα
1944 2933 2188 3011 φωτῶν

545 3034 830 3111 δάκρυςι·
873 3036 1060 3098 τοῖον
1101 3034 1226 3111 γὰρ
1272 3032 1516 3099 πόθεον
1559 3033 1857 3113 μήςτωρα
1900 3033 2160 3114 φόβοιο.

544 3138 704 3200 τοῑςι
750 3135 820 3199 δὲ
863 3135 1180 3214 Πηλείδης
1225 3134 1450 3201 ἁδινοῦ
1496 3135 1721 3214 ἐξῆρχε
1763 3134 1979 3211 γόοιο,

544 3239 760 3315 χεῖρας
805 3236 905 3300 ἐπ’
949 3235 1405 3318 ἀνδροφόνους
1449 3238 1719 3314 θέμενος
1765 3237 2082 3317 ςτήθεςςιν
2127 3236 2411 3340 ἑταίρου·

508 3385 575 3443 V.
613 3405 662 3439 1..
735 3393 833 3440 512
870 3389 997 3453 ἤτοι
1033 3385 1175 3440 libri.
1212 3389 1402 3465 κηλεῷ
1430 3386 1540 3442 OG.
1578 3390 1784 3455 κηλειῶ
1810 3385 1878 3444 Η.
1919 3417 1980 3425 -
2016 3392 2116 3442 513
2152 3388 2284 3442 οὐδέ
2320 3404 2401 3442 ςοι
2440 3390 2650 3456 ὄφελος

376 3453 441 3506 1).
481 3456 693 3519 ὄφελος
729 3455 782 3508 τ’
818 3405 959 3510 Ven.
996 3454 1056 3509 B.
1095 3454 1289 3509 addito
1324 3456 1378 3507 τ’
1412 3471 1563 3509 man.
1600 3471 1708 3511 rec.
1748 3484 1809 3493 —
1847 3459 1948 3508 514
1983 3473 2024 3508 π
2028 3472 2125 3522 ρος
2163 3456 2223 3508 A.
2258 3473 2327 3522 τρ
2332 3458 2468 3522 ῲων
2477 3406 2562 3509 (ph
2590 3487 2654 3496 -—-

372 3528 472 3576 515
508 3523 587 3576 mc
632 3520 733 3574 AD
784 3529 826 3574 1.
873 3539 1022 3575 man.
1079 3524 1231 3589 φάτο
1276 3520 1354 3589 Ι),
1409 3524 1476 3576 ut.
1515 3529 1634 3588 429,
1677 3528 1795 3576 437.
1843 3524 2107 3577 κλαίουςα
2154 3522 2211 3577 C.
2267 3525 2357 3577 ἐπι
2404 3522 2567 3579 DHL.
2605 3528 2655 3580 δ’

373 3590 749 3657 ἑςτενάχοντο
784 3590 863 3643 Ε
856 3596 1019 3657 1277,
1055 3596 1121 3645 28
1156 3590 1209 3643 H
1244 3563 1390 3659 Lips.
1429 3589 1584 3645 Vrat.
1621 3590 1686 3643 A.
1722 3596 2009 3656 γῦναικῶν
2045 3591 2112 3662 Η.

502 3776 570 3834 V
612 3786 689 3831 1..‘
744 3783 767 3829 1
809 3778 897 3832 Ὡς
942 3778 1011 3833 A.
1064 3807 1127 3816 —-·
1175 3784 1206 3831 2
1253 3779 1377 3833 ἐπεὶ
1421 3780 1451 3832 δ
1536 3776 1797 3846 Pseudop
1800 3777 1901 3831 lut.
1952 3782 2075 3844 173,
2124 3783 2207 3834 42.
2263 3778 2394 3831 libri
2440 3779 2650 3847 ἐπειδὴ.

369 3847 606 3913 ἑππειδὴ
653 3844 708 3900 S.
759 3875 823 3884 —-
878 3853 910 3898 3
955 3846 1154 3912 οἱμὲν
1200 3845 1258 3902 C.
1318 3847 1388 3912 ἂρ
1526 3844 1690 3903 GHL.
1742 3793 1836 3901 ἐπι
1874 3844 1986 3899 AD.
2043 3876 2108 3885 —
2161 3852 2195 3899 4
2229 3847 2454 3914 ἀχῖλεὺς
2491 3845 2551 3901 C.
2585 3877 2652 3887 --

373 3920 403 3967 7
440 3913 711 3968 omittunt
747 3912 797 3965 H
822 3912 976 3967 Vrat.
1014 3864 1093 3967 ἀμ
1107 3914 1339 3982 μηδέπω
1355 3847 1549 3967 pBekk.
1577 3914 1680 3966 An.
1723 3919 1871 3967 1147.
1907 3914 2186 3980 ύπόχεςφι
2211 3912 2279 3968 D.
2316 3944 2383 3954 —
2418 3921 2450 3968 8
2484 3916 2652 3971 ἄςςον

373 3979 490 4035 AD.
526 4009 594 4019 —
631 3988 662 4036 9
699 3983 965 4048 κλαίομεν
1001 3980 1068 4038 D.
1107 3983 1140 4035 δ
1146 3932 1534 4038 ὛΑΟΒΕΕΗΒ
1559 4011 1627 4021 -
1667 3987 1729 4036 10
1764 3982 1888 4037 ἐπεὶ
1924 3999 1957 4034 τ
1963 3982 2059 4035 L.
2099 3983 2511 4050 τεταρπώμεθα
2534 3982 2651 4038 AC.

368 4119 678 4184 τεταρπώμ
682 4079 784 4172 εεθα
817 4115 883 4170 D.
926 4148 983 4156 —-
1029 4123 1089 4170 12
1127 4119 1207 4172 ώς
1244 4117 1304 4170 A.
1345 4116 1399 4171 οἳ
1433 4119 1485 4171 δ’
1518 4116 1587 4172 D.
1627 4117 1734 4171 οἵδ’
1770 4116 1827 4171 C.
1867 4118 1936 4184 ἀχ
1936 4117 2175 4173 ῑλεύςΟ.
2214 4148 2278 4156 -
2322 4124 2378 4171 13
2416 4116 2470 4172 οἳ
2505 4116 2647 4174 bec.

372 4186 768 4307 ῗ-ῗρὲδῗῖοὸὔῖιρ
756 4184 995 4319 ²2⁰5AE
1013 4191 1221 4308 ἀῖνέἓ.
1244 4184 1553 4308 ’Ξτῖεᾼέῗι
1565 4186 1722 4308 '3222'
1751 4134 1936 4311 35²²?
1947 4184 2003 4240 ⁰
2053 4186 2196 4254 ‘³⁹⁹⁶‘
2233 4183 2544 4243 Acmon
2581 4214 2647 4225 “’

505 4388 568 4442 A.
603 4406 650 4442 c.
725 4394 785 4443 18
822 4389 1006 4442 οὕτως
1042 4387 1368 4460 ἀρίςταρχος
1406 4390 1504 4444 ςὺν
1540 4394 1627 4464 τῷ
1670 4407 1696 4444 ς
1747 4390 1839 4444 ἐπ’
1873 4390 2264 4468 ἀνδροφόνους
2297 4388 2649 4468 Didymae.
