3144 5006
499 391 583 456 58
1422 392 1763 447 ιΛιΑΔος
1815 393 1881 448 .·-;.

500 550 628 610 370
671 547 815 611 ἀλλ’
857 546 1049 624 ἄγεθ’,
1096 547 1186 611 ὡς
1232 548 1311 613 ἂν
1359 548 1487 623 ε’γὼ
1533 544 1723 622 εἴπω,
1771 546 2131 626 πειθώμεθα
2173 545 2424 611 πάντες.

672 647 927 713 ἀςπίδες
973 648 1149 715 ὅςςαι
1193 649 1434 729 ἄριςται
1479 649 1572 715 ἑνὶ
1618 654 1863 728 ςτρατῷ
1909 647 2023 725 ἠδὲ
2067 648 2376 729 μέγιςται,

670 751 1024 831 ἑςςάμενοι,
1073 753 1361 831 κεφαλὰς
1405 753 1478 817 δὲ
1521 750 1901 834 παναίθῃςιν
1946 750 2273 829 κορύθεςςι

667 852 1062 937 κρύψαντες,
1106 855 1316 933 χερςὶν
1362 854 1433 917 δἐ
1476 853 1557 917 τὰ
1601 852 1939 931 μακρότατ’
1983 852 2154 930 ἔγχε’
2197 850 2484 938 ἑλόντες,

667 953 883 1034 ἴομεν·
931 955 1136 1034 αὐτὰρ
1183 954 1351 1032 ἐγὼν
1394 954 1738 1037 ἡγήςομαι,
1786 954 1925 1019 οὐδ’
1968 953 2060 1019 ἔτι
2105 953 2264 1035 φημὶ

498 1061 620 1119 375
665 1057 938 1134 Ἕκτορα
980 1057 1336 1136 Πριαμίδην
1381 1057 1632 1134 μενέειν
1679 1056 1850 1136 μάλα
1891 1077 2013 1134 περ
2059 1061 2374 1136 μεμαῶτα.

669 1159 742 1223 ὃς
786 1159 857 1223 δέ
902 1159 956 1223 κ’
999 1158 1165 1237 ᾁνὴρ
1209 1158 1635 1238 μενέχαρμος,
1682 1158 1812 1238 ἔχει
1858 1160 1914 1223 δ’
1958 1158 2183 1235 ὀλίγον
2228 1157 2417 1222 ςάκος
2462 1155 2654 1240 ὤμῳ,

667 1260 908 1340 χείρονι
952 1260 1123 1340 φωτὶ
1166 1260 1366 1338 δότω,
1414 1261 1453 1325 ὃ
1499 1261 1556 1325 δ’
1601 1260 1672 1328 ἐν
1718 1260 1928 1326 ἀςπίδι
1972 1259 2212 1340 μείζονι
2257 1259 2450 1324 δύτω.

844 1362 935 1428 ὣς
965 1362 1173 1445 ἔφαθ’,
1219 1363 1287 1427 οἳ
1316 1364 1373 1428 δ’
1416 1362 1543 1441 ἄρα
1584 1366 1703 1427 τοῦ
1747 1363 1915 1442 μάλα
1945 1363 2058 1440 μὲν
2106 1361 2304 1426 κλύον
2335 1358 2449 1437 ἠδὲ
2493 1359 2782 1424 πίθοντο.

670 1465 824 1529 τοὺς
869 1465 927 1529 δ’
971 1463 1156 1529 αὐτοὶ
1202 1467 1489 1546 βαςιλῆες
1533 1464 1837 1544 ἑκόςμεον
1885 1463 2228 1541 οὐτάμενοί
2273 1482 2424 1540 περ,

500 1571 628 1629 380
670 1565 975 1646 Τυδείδης
1019 1566 1320 1632 Ὀδυςεύς
1364 1588 1433 1633 τε
1477 1568 1582 1632 καὶ
1623 1565 1938 1645 Ἀτρείδης
1983 1565 2421 1642 Ἀγαμέμνων·

670 1667 998 1748 οἰχόμενοι
1043 1670 1098 1733 δ’
1143 1669 1249 1734 ἐπὶ
1292 1670 1537 1735 πάντας
1583 1667 1774 1747 ἀρήια
1817 1667 2021 1747 τεύχε’
2066 1666 2346 1746 ἄμειβον.

667 1771 857 1836 ἐςθλὰ
900 1772 1015 1851 μὲν
1067 1771 1291 1836 ἐςθλός
1334 1771 1556 1853 ἔδυνε,
1605 1770 1818 1848 χέρεια
1861 1770 1932 1834 δὲ
1978 1769 2219 1849 χείρονι
2264 1768 2514 1836 δόςκον.

667 1873 868 1954 αὐτὰρ
912 1873 1050 1940 ἐπεί
1095 1872 1152 1954 ῥ’
1197 1874 1462 1940 ἕςςαντο
1508 1873 1656 1950 περὶ
1697 1871 1847 1951 χροῒ
1889 1872 2161 1949 νώροπα
2204 1868 2475 1949 χαλκόν,

667 1974 784 2055 βάν
832 1976 888 2056 ῥ’
931 1975 1106 2057 ἴμεν·
1150 1976 1306 2056 ἦρχε
1351 1976 1408 2040 δ’
1452 1974 1580 2054 ἄρά
1625 1995 1735 2056 ςφι
1778 1973 2157 2039 Ποςειδάων
2205 1970 2582 2050 ἑνοςίχθων,

498 2081 619 2140 385
665 2080 881 2144 δεινὸν
927 2078 1050 2157 ἄορ
1093 2078 1403 2157 τανύηκες
1448 2078 1619 2158 ἔχων
1665 2078 1736 2142 ἐν
1779 2077 1943 2156 χειρὶ
1985 2075 2250 2158 παχείῃ,

668 2178 919 2246 εἴκελον
966 2178 1318 2263 ἀςτεροπῇ·
1365 2186 1456 2264 τῷ
1502 2180 1559 2244 δ’
1605 2178 1684 2243 οὐ
1729 2179 1902 2256 θέμις
1947 2176 2073 2241 ἐςτὶ
2116 2179 2366 2255 μιγῆναι

665 2281 736 2345 ἐν
780 2280 887 2345 δαῒ
932 2281 1275 2366 λευγαλέῃ,
1320 2282 1488 2348 ἀλλὰ
1532 2281 1682 2347 δέος
1726 2280 1963 2360 ἰςχάνει
2007 2277 2269 2357 ἄνδρας.

634 2517 702 2571 V.
741 2537 789 2572 1..
860 2524 961 2573 370
1006 2521 1120 2585 ἐγὼ
1167 2518 1447 2575 ACDGLS
1493 2518 1616 2588 Syr.
1660 2520 1811 2585 ἐγὼν
1863 2517 1934 2571 H.
1979 2548 2045 2558 —
2090 2523 2187 2571 371
2236 2515 2466 2572 ἀςπίδας
2514 2513 2781 2572 DEGHS:

497 2585 721 2641 ἀςπίδες
768 2586 905 2641 ACL
951 2586 1071 2657 Syr.
1123 2588 1204 2642 ἑνι
1248 2591 1314 2642 A.
1368 2617 1433 2627 —
1487 2594 1587 2643 372
1633 2588 1986 2653 παναίθηιςιν
2031 2587 2096 2641 A.
2153 2584 2449 2653 παναίθῃςι
2494 2581 2589 2636 ΒΕ
2633 2581 2781 2650 Lips.

499 2689 785 2756 κορύοεαι
824 2687 1010 2743 ACEG
1050 2687 1168 2757 Syr.
1206 2719 1264 2729 -
1308 2696 1408 2746 373
1443 2692 1594 2758 χερει
1631 2655 1862 2759 nme.
1900 2691 1963 2743 δὲ
1997 2685 2328 2743 AanuLs
2372 2683 2492 2754 syr.
2528 2683 2684 2740 νηί.
2722 2682 2778 2742 d.

499 2790 668 2860 vuago
705 2792 891 2860 χερεεν
926 2808 1006 2851 τε.
1046 2822 1106 2832 -
1143 2798 1243 2847 374
1277 2772 1402 2849 ετξι
1439 2794 1545 2862 syr
1596 2794 1729 2848 οὐδὲ
1761 2810 1816 2847 τι
1851 2810 1897 2859 φ
1940 2794 1997 2856 μι
2022 2789 2322 2845 DEGHLS.
2359 2766 2617 2844 οΥΔὲτι
2657 2786 2780 2854 Syr.

499 2890 564 2898 —-
599 2865 698 2914 376
735 2862 876 2928 ἔχεις
912 2863 939 2915 ἐ
977 2879 1011 2929 ῃ
1051 2859 1296 2915 ACDHL
1332 2862 1454 2930 Syr.
1502 2860 1661 2915 Caniz.
1704 2860 1850 2929 Lips.
1940 2859 2046 2913 rat.
2086 2860 2139 2916 b,
2179 2858 2231 2910 d.
2267 2856 2436 2910 Mose.
2473 2862 2523 2908 2.
2570 2884 2633 2894 —
2680 2860 2782 2909 377

495 2931 643 2996 δοτῳ
685 2927 748 2983 H.
788 2930 820 2983 ὃ
855 2931 906 2983 δ’
940 2878 1006 2981 D
1047 2931 1134 2983 ὅδ’
1170 2929 1331 2984 CGH.
1369 2960 1434 2969 —-
1470 2935 1570 2984 378
1607 2934 1686 2984 ὡς
1723 2931 1786 2981 Α.
1824 2928 1878 2983 οἳ
1911 2929 1962 2983 δ’
1986 2927 2046 2981 L.
2084 2926 2190 2982 οἵδ’
2215 2926 2274 2983 Ο.
2316 2924 2780 2979 ΗΔΕΠΙΘΟΝΤΟ

497 2996 615 3064 Syr.
655 2995 827 3066 vulgo
865 2998 954 3064 ἠδ’
985 2996 1269 3052 ἐπίθοντο.
1319 3027 1382 3037 ——
1427 3004 1526 3051 379
1561 2997 1867 3063 οὐτάμενοί
1910 3012 1974 3051 τε
2012 2993 2081 3049 D.
2128 3024 2188 3033 ——
2237 2999 2338 3048 380
2383 2992 2640 3046 ὸδυςςεύς
2686 2989 2782 3042 DE

401 3094 405 3098 -
496 3063 598 3115 GH
634 3062 777 3117 Flor.
818 3064 977 3118 Rom.
1027 3095 1092 3104 —
1137 3071 1231 3120 381
1271 3066 1364 3120 ἐπι
1400 3065 1468 3119 H.
1521 3097 1587 3105 -
1631 3072 1730 3119 382
1777 3066 1879 3130 μὲν
1916 3064 2116 3119 ἐςθλὸν
2154 3060 2201 3115 G
2268 3063 2451 3128 χέρεια
2489 3057 2781 3113 ACDGHS

496 3132 616 3198 Syr.
657 3131 838 3185 Schol.
889 3135 931 3185 Α
968 3137 1050 3189 80.
1095 3137 1269 3201 χέρῃα
1306 3132 1366 3188 Ε.
1412 3135 1589 3202 χέρηα
1625 3132 1806 3187 Cram.
1845 3132 1947 3202 Ep.
1984 3136 2104 3194 350,
2141 3133 2222 3188 25.
2268 3132 2424 3196 χέρηι
2460 3128 2520 3180 δὲ
2555 3127 2782 3193 χείρονα

499 3198 554 3257 L.
591 3201 791 3253 δόςκεν
825 3200 957 3253 libri
994 3218 1122 3256 cum
1160 3200 1345 3255 Schol.
1387 3205 1428 3257 Α
1475 3208 1558 3256 80.
1596 3200 1777 3255 Cram.
1823 3199 1868 3253 E
1976 3204 2100 3262 350,
2138 3204 2231 3251 25:
2277 3197 2484 3252 δόςκον
2531 3194 2583 3248 Η
2617 3194 2779 3248 Rom.

498 3296 561 3305 —
606 3273 706 3321 383
759 3268 921 3322 αὐτοὶ
976 3271 1100 3324 ἐπεὶ
1157 3267 1216 3322 L.
1281 3271 1480 3324 ἕςαντο
1527 3270 1584 3324 O.
1641 3284 1769 3335 περι
1813 3217 1932 3323 Afl.
1996 3297 2061 3307 —
2124 3271 2224 3321 384
2261 3282 2391 3332 ςφιν
2445 3261 2511 3317 G.
2575 3264 2633 3316 δέ
2687 3278 2782 3326 (φὶ

371 3382 377 3389 .
496 3333 646 3403 Lips.
698 3338 984 3392 ποςιδάων
1031 3340 1082 3390 A
1133 3337 1253 3405 Syr.
1307 3345 1352 3391 1.
1401 3354 1548 3391 man.
1605 3337 1920 3391 ποςειδάων
1964 3337 2011 3389 A
2058 3335 2116 3388 in
2165 3350 2284 3388 mar
2324 3371 2338 3387 .
2375 3330 2496 3399 Syr.
2535 3346 2603 3383 ex
2639 3346 2781 3386 corr.

495 3431 562 3461 .·-
599 3407 698 3455 386
735 3403 929 3457 ἴκελον
965 3405 1030 3463 G.
1067 3406 1259 3459 ἴκελον
1295 3404 1357 3458 Ε.
1403 3408 1598 3459 ἴκελον
1645 3408 1689 3457 Α
1726 3404 1785 3458 in
1822 3420 1997 3474 marg.
2043 3402 2219 3456 ceteri
2262 3418 2287 3455 ε
2315 3404 2481 3455 κελον
2526 3414 2650 3451 cum
2695 3397 2783 3450 Et.

499 3467 640 3537 (ἤιά.
703 3475 813 3536 164,
858 3478 940 3526 33.
998 3472 1164 3541 Apud
1216 3471 1412 3527 Zonar.
1467 3479 1565 3527 714
1618 3473 1678 3526 et
1723 3472 1807 3524 Et.
1855 3471 2045 3529 Orion.
2090 3477 2172 3531 63,
2220 3478 2251 3525 3
2305 3467 2515 3538 legitur
2566 3466 2782 3521 εἴκελος

497 3539 799 3632 ἀςτερῆοπῇ.
834 3540 958 3595 τόδ’
992 3543 1062 3596 ού
1100 3539 1165 3593 D.
1208 3571 1265 3580 —
1304 3546 1404 3595 387
1441 3542 1501 3596 ἑν
1537 3544 1664 3607 δαῆι
1701 3539 1767 3598 D.

499 3662 686 3669 ——,.,‚—
759 3664 818 3669 μὴ

633 3744 697 3795 Α.
735 3762 780 3800 c.
835 3750 934 3799 372
961 3745 1294 3810 παναίθηςιν
1318 3743 1669 3812 Euphranor,
1705 3742 2085 3797 Herodianus:
2124 3744 2454 3807 παναιθῇςιν
2479 3740 2533 3792 οἱ
2558 3739 2785 3793 πλείους

498 3810 681 3864 Schol.
729 3813 795 3865 A.
851 3815 1035 3868 οὕτως
1080 3810 1114 3868 b
1162 3813 1502 3879 Εὐφράνωρ·
1558 3812 1614 3866 οἱ
1661 3811 1890 3865 πλείους
1935 3813 1997 3866 δὲ
2044 3812 2300 3867 ὀξύνουςι
2353 3811 2461 3872 τὴν
2514 3807 2786 3874 τοιαύτην

499 3882 649 3934 λέξιν
688 3881 765 3933 ὡς
813 3882 875 3935 ἐν
920 3887 1042 3936 τοῖς
1090 3881 1371 3936 Ἀπίωνος
1418 3882 1507 3933 καὶ
1552 3881 1878 3947 Ἡροδώρου
1924 3880 2194 3947 δηλοῦται
2238 3876 2392 3933 Euat.
2436 3881 2553 3944 9922,
2602 3880 2683 3931 59.
2720 3904 2785 3913 -

498 3952 597 4001 376
645 3947 973 4016 ἁρίςταρχος
1026 3951 1116 4003 διὰ
1173 3953 1274 4014 τῆς
1330 3947 1473 4005 (cod.
1531 3952 1657 4012 τοῦ)
1700 3954 1768 4001 {1-
1803 3949 1851 4001 δι
1903 3949 2115 4012 θόγγου
2169 3948 2281 4011 ἔχει
2333 3942 2674 4011 Didymus,
2720 3971 2784 3982 -

498 4019 615 4079 376,
660 4020 759 4070 377
815 4017 1166 4071 ἀθετοῦνται.
1217 4016 1622 4083 Ἀριςτοφάνης
1667 4019 1851 4082 προηθ
1884 4030 1992 4069 τει·
2039 4015 2365 4081 Ζηνόδοτος
2409 4012 2540 4066 οὐδὲ
2581 4011 2787 4077 γράφει

499 4081 685 4136 Schol.
733 4083 804 4139 A.
852 4114 917 4124 —-
971 4090 1071 4139 382
1117 4086 1303 4139 οὕτως
1422 4083 1677 4150 ίςταρχος
1729 4086 1929 4137 δοςκον
1975 4082 2103 4149 (sio)
2149 4080 2496 4149 Didymus.
2562 4079 2682 4133 ἔνια
2726 4079 2789 4132 δὲ

498 4153 619 4203 τῶν
671 4152 1101 4220 ὑπομνημάτων
1145 4155 1331 4207 δῶκεν
1412 4154 1500 4204 ντὶ
1553 4155 1657 4205 τοῦ
1711 4153 1933 4205 δόςκεν·
1992 4153 2080 4203 καὶ
2135 4152 2284 4203 ἐςτιν
2338 4146 2788 4214 εὐφραδὲςτερον

501 4215 852 4286 Didymus,
889 4222 1078 4275 οὕτως
1118 4221 1471 4287 Ἀρίςταρχος
1507 4219 1731 4273 δόςκεν·
1767 4221 1831 4272 ἐν
1866 4235 1971 4274 τιςι
2005 4220 2065 4271 δὲ
2099 4220 2283 4272 δῶκεν
2318 4215 2501 4270 Schol.
2539 4214 2598 4267 L.
2634 4217 2702 4268 τὸ
2727 4215 2787 4268 δὲ

502 4286 748 4351 ..χείρονι
783 4288 984 4342 δόςκε“
1029 4290 1233 4343 δόςκον
1267 4288 1580 4355 γράφουςιν
1615 4288 1668 4341 οἱ
1704 4288 2099 4354 ἀκριβέστεροι.
2146 4285 2439 4339 τουτέςτιν
2483 4282 2705 4359 ἐδίδουν
2734 4282 2789 4336 οἱ

503 4352 739 4413 βαςιλεῑς
773 4353 928 4409 Euat.
965 4361 1083 4420 992,
1120 4361 1202 4412 44.
1241 4385 1307 4396 ——
1353 4359 1451 4410 387
1490 4356 1583 4411 δαῑ
1618 4353 2000 4410 Herodianum
2047 4354 2138 4411 δόῖ
2172 4351 2410 4413 Ptolem.
2448 4349 2786 4407 Ascalomta.
