3144 5006
477 376 598 461 1'06
1195 378 1200 383 ’
1388 399 1719 454 ιΛιΑΔος
1767 401 1832 455 Δ.

641 552 954 645 Ἀτρείδη,
999 555 1170 634 μάλα
1213 556 1328 635 μέν
1374 576 1471 619 τοι
1516 555 1687 629 ἐγὼν
1731 553 1983 633 ἐρίηρος
2027 554 2284 633 ἑταῖρος

639 653 927 733 έςςομαι,
973 655 1063 721 ὡς
1107 658 1183 721 τὸ
1227 661 1488 736 πρῶτον
1534 656 1807 735 ὑπέςτην
1853 657 1955 720 καὶ
1999 657 2368 721 κατένευςα·

640 753 794 819 ἀλλ’
838 755 1077 822 ἄλλους
1122 757 1354 836 ὄτρυνε
1398 759 1558 837 κάρη
1604 758 1979 837 κομόωντας
2023 757 2345 838 Ἀχαιούς,

642 856 822 938 ὄφρα
865 859 1118 938 τάχιςτα
1161 859 1508 939 μαχώμεθ’,
1554 859 1695 925 ἐπεὶ
1737 859 1852 924 ςύν
1896 860 1965 936 γ’
2009 858 2180 937 ὅρκι’
2223 858 2457 938 ἔχευαν

472 964 596 1023 270
640 959 885 1039 Τρῶες·
930 965 1128 1026 τοῖςιν
1174 961 1241 1026 δ’
1284 961 1367 1027 αὖ
1411 961 1692 1026 θάνατος
1737 960 1840 1026 καὶ
1883 961 2062 1040 κήδε’
2106 960 2342 1026 ὀπίςςω

638 1063 862 1142 ἔςςετ’,
907 1063 1042 1127 ἐπεὶ
1085 1062 1393 1143 πρότεροι
1439 1063 1602 1143 ὑπὲρ
1647 1062 1831 1142 ὅρκια
1874 1064 2249 1142 δηλήςαντο.

807 1164 895 1228 ὣς
937 1163 1156 1246 ἔφατ’,
1203 1165 1519 1244 Ἀτρείδης
1564 1166 1637 1230 δὲ
1680 1167 2025 1249 παρῴχετο
2068 1163 2426 1241 γηθόςυνος
2471 1167 2603 1242 κῆρ.

638 1265 792 1344 ἦλθε
838 1266 904 1330 δ’
949 1266 1062 1330 ἐπ’
1105 1266 1423 1333 Αἰάντεςςι
1467 1268 1626 1332 κιὼν
1671 1267 1800 1332 ἀνὰ
1845 1268 2134 1345 οὐλαμὸν
2179 1266 2465 1344 ἀνδρῶν·

635 1367 725 1430 τὼ
770 1368 842 1430 δὲ
885 1370 1336 1451 κορυςςέςθην,
1381 1368 1508 1448 ἅμα
1551 1371 1626 1434 δὲ
1669 1368 1874 1449 νέφος
1918 1368 2140 1433 εἵπετο
2185 1372 2419 1434 πεζῶν.
2512 1382 2515 1386 ⁴

469 1474 589 1531 275
637 1468 725 1534 ὡς
771 1469 838 1533 δ’
882 1468 989 1534 ὅτ’
1033 1470 1165 1535 ἀπὸ
1211 1475 1474 1549 ςκοπιῆς
1517 1470 1695 1536 εἶδεν
1739 1470 1946 1550 νέφος
1989 1469 2260 1534 αἰπόλος
2305 1469 2470 1547 ἀνὴρ

633 1571 987 1651 ἐρχόμενον
1033 1575 1194 1637 κατὰ
1237 1574 1483 1641 πόντον
1529 1572 1657 1637 ὑπὸ
1703 1571 2014 1652 ζεφύροιο
2060 1569 2240 1650 ἰωῆς·

633 1680 724 1756 τῷ
770 1675 842 1738 δέ
884 1675 950 1738 τ’
993 1674 1264 1741 ἄνευθεν
1310 1675 1483 1741 ἐόντι
1507 1675 1922 1755 μελάντερον
1969 1673 2119 1753 ἠύτε
2163 1673 2347 1736 πίςςα

631 1777 893 1855 φαίνετ’
937 1776 1037 1841 ἰὸν
1084 1777 1246 1849 κατὰ
1287 1777 1564 1855 πόντον,
1611 1774 1751 1851 ἄγει
1795 1776 1867 1840 δέ
1911 1796 1981 1840 τε
2027 1775 2307 1840 λαίλαπα
2352 1776 2635 1857 πολλήν,

636 1876 887 1955 ῥίγηςέν
933 1899 1000 1943 τε
1045 1878 1203 1945 ἰδὼν
1250 1878 1376 1943 ὑπό
1422 1899 1490 1943 τε
1534 1878 1729 1943 ςπέος
1774 1878 1965 1956 ἤλαςε
2009 1881 2207 1958 μῆλα·

467 1984 591 2043 280
633 1982 801 2044 τοῖαι
846 1980 959 2061 ἅμ’
1002 1980 1318 2045 Αἰάντεςςι
1362 1980 1766 2060 διοτρεφέων
1812 1979 2051 2059 αἰζηῶν

635 2082 819 2161 δήιον
863 2082 929 2147 ἐς
973 2081 1262 2175 πόλεμον
1307 2082 1563 2148 πυκιναὶ
1608 2082 1864 2148 κίνυντο
1910 2081 2239 2161 φάλαγγες

634 2184 924 2266 κυάνεαι,
969 2184 1214 2250 ςάκεςίν
1257 2205 1325 2249 τε
1372 2184 1471 2248 καὶ
1515 2183 1722 2262 ἔγχεςι
1767 2186 2155 2265 πεφρικυῖαι.

633 2287 736 2350 καὶ
779 2285 933 2350 τοὺς
977 2288 1091 2365 μἐν
1135 2287 1407 2365 γήθηςεν
1452 2286 1611 2351 ἰδὼν
1654 2286 1887 2365 κρείων
1933 2285 2379 2366 Ἀγαμέμνων,

632 2387 733 2451 καί
778 2407 976 2467 ςφεας
1020 2388 1320 2467 φωνήςας
1367 2386 1526 2452 ἔπεα
1569 2387 1925 2467 πτερόεντα
1967 2387 2328 2466 προςηύδα’

466 2494 587 2552 285
801 2488 1046 2573 Αἴαντ’,
1091 2489 1393 2569 Ἀργείων
1440 2490 1718 2570 ἡγήτορε
1763 2488 2298 2571 χαλκοχιτώνων,

633 2596 799 2671 ςφῶι
843 2592 987 2671 μέν,
1036 2591 1114 2656 οὐ
1159 2592 1281 2670 γὰρ
1327 2592 1495 2657 ἔοικ’
1540 2592 1924 2672 ὀτρυνέμεν,
1970 2591 2049 2656 οὔ
2092 2612 2150 2655 τι
2194 2589 2464 2655 κελεύω·

632 2693 806 2756 αὐτὼ
851 2694 975 2771 γὰρ
1020 2693 1187 2771 μάλα
1232 2695 1394 2760 λαόν
1438 2694 1772 2771 ἀνώγετον
1819 2694 1920 2774 ἶφι
1965 2690 2280 2774 μᾶχεςθαι.

631 2795 697 2858 αἲ
740 2795 864 2873 γὰρ
906 2794 1036 2859 Ζεῦ
1080 2816 1148 2859 τε
1193 2795 1394 2876 πάτερ
1440 2798 1541 2861 καὶ
1590 2796 1881 2874 Ἀθηναίη
1927 2796 2029 2859 καὶ
2072 2795 2400 2859 Ἄπολλον

631 2901 811 2961 τοῖος
857 2900 1043 2962 πᾶςιν
1088 2897 1284 2977 θυμός
1329 2898 1426 2962 ἐνὶ
1470 2897 1744 2977 ςτήθεςςι
1790 2899 2074 2974 γένοιτο·

465 3005 588 3064 290
631 3004 723 3064 τῶ
767 3019 835 3063 κε
880 2999 1029 3078 τάχ’
1072 3000 1320 3078 ἠμύςειε
1365 3000 1553 3064 πόλις
1596 2999 1918 3080 Πριάμοιο
1965 3000 2239 3064 ἄνακτος

597 3200 663 3254 V.
701 3220 748 3255 1..
801 3207 902 3255 266
938 3202 1052 3265 ἐγώ
1089 3200 1163 3254 Μ.
1192 3232 1255 3240 -
1280 3208 1377 3254 267
1415 3207 1721 3267 τοπρῶτον
1759 3199 1982 3254 LMNO.
2010 3230 2071 3240 -
2097 3205 2198 3254 268
2234 3202 2453 3267 ὤτρυνε
2491 3199 2562 3252 Μ.
2601 3201 2744 3267 κάρη

461 3270 792 3334 κομώοντας
830 3271 894 3322 Α.
940 3300 1002 3307 --
1049 3274 1151 3322 269
1187 3271 1328 3336 ὅρκι’
1363 3269 1427 3322 l).
1475 3300 1536 3308 —
1586 3275 1702 3322 270.
1729 3274 1910 3334 τρῶες
1948 3268 2004 3320 L.
2058 3275 2195 3322 τοῖςι
2234 3267 2507 3323 DEGMO.
2560 3271 2611 3322 δ’
2644 3270 2742 3321 αὖε

459 3341 521 3390 δὲ
559 3337 616 3390 C.
653 3366 719 3375 —
754 3343 845 3389 271
889 3338 1035 3402 ὑπὲρ
1069 3338 1229 3405 ὅρκια
1256 3336 1375 3389 EO:
1416 3340 1722 3404 ὑπερόρκια
1760 3320 2186 3389 ACDGHLMN.
2223 3338 2362 3402 ὅρκι’
2396 3337 2743 3402 ἐδηλήςαντο

462 3404 615 3458 Vrat.
653 3421 704 3458 a.
740 3435 806 3442 —
847 3410 953 3457 272
989 3406 1070 3458 ὡς
1107 3406 1170 3459 A.
1218 3408 1266 3459 δ’
1301 3407 1634 3472 ὑπερώχετο
1670 3403 1742 3456 Μ.
1771 3435 1837 3443 -
1871 3411 1970 3458 273
1996 3408 2168 3471 ἢλθεν
2204 3406 2298 3459 ἐπ’
2331 3403 2391 3456 Ε.
2432 3404 2541 3457 ἀνα
2576 3406 2639 3456 A.
2678 3433 2743 3443 —-

460 3480 560 3526 274
597 3473 737 3538 τώγ’
772 3474 866 3526 ἐκο
905 3475 1168 3540 υςςέςθην
1204 3472 1276 3525 Μ.
1327 3475 1665 3540 κορυςέςθην
1703 3472 1795 3525 GL
1844 3480 1887 3526 1.
1926 3488 2073 3525 man.
2118 3502 2187 3511 —-
2229 3478 2330 3525 275
2365 3473 2479 3526 ἀπο
2515 3474 2578 3523 A.
2626 3473 2743 3526 εἶδε

459 3539 555 3593 DE
592 3539 678 3592 bis
715 3539 814 3592 GH
881 3539 980 3593 ΝΟ
1019 3540 1164 3608 Lips.
1205 3571 1264 3578 —-
1302 3547 1402 3593 276
1440 3558 1582 3594 κατα
1621 3544 1682 3594 A.
1719 3543 1832 3595 ὑπο
1869 3542 1932 3593 A.
1973 3570 2034 3578 -
2080 3545 2177 3593 277
2214 3546 2299 3607 τῷ
2336 3542 2387 3592 δ’
2420 3538 2744 3593 ἀπάνευθεν

459 3609 524 3664 Ν.
564 3613 648 3677 τῷ
694 3611 744 3662 δ’
779 3610 862 3662 ἔτ’
897 3607 963 3664 Η.
1021 3610 1199 3662 ἐόντιε
1240 3608 1381 3662 ἰόντι
1417 3608 1530 3661 MS.
1579 3609 1721 3662 ἰόντι
1769 3611 1804 3675 ἢ
1852 3609 2004 3662 ἐόντι
2040 3606 2360 3673 Eust.'471‚
2398 3613 2481 3662 28.
2532 3636 2597 3646 -—
2643 3612 2744 3660 279

461 3711 649 3778 ῥίγηςέ
684 3709 745 3761 Ε.
785 3739 848 3746 --
886 3715 985 3763 280
1021 3683 1169 3765 mig}
1198 3709 1255 3764 C.
1293 3710 1606 3764 αἰάντεςςϊν
1643 3711 1934 3777 ἀρηϊθόων
1969 3708 2036 3762 ΙΙ.
2073 3710 2430 3776 διοτροφέων
2466 3707 2554 3762 GS
2590 3706 2739 3777 Lips.

464 3812 522 3819 -
562 3786 654 3834 281
696 3781 903 3836 πυκναὶ
940 3776 995 3830 S.
1042 3809 1107 3816 -
1153 3784 1250 3831 282
1289 3778 1468 3833 ςάκεςί
1505 3777 1564 3831 Ε.
1613 3779 1824 3834 ςάκεςςί
1862 3777 1931 3831 N.
1979 3775 2263 3832 ςάκκεςςίν
2297 3775 2364 3829 D.
2402 3806 2463 3816 —
2512 3782 2612 3830 283
2648 3778 2739 3830 καὶ

460 3900 578 3963 μὲν,
612 3899 765 3960 τοὺς,
803 3896 862 3949 L.
912 3927 978 3935 —
1020 3902 1122 3949 284
1167 3899 1256 3949 καὶ
1293 3898 1466 3963 ςφέας
1504 3894 1673 3949 DGO.
1722 3927 1784 3937 -
1831 3900 1932 3949 286
1980 3856 2195 3950 κελειξω
2234 3895 2387 3949 Vrat.
2432 3895 2487 3947 b.
2531 3924 2596 3934 -
2642 3900 2744 3949 289

459 3972 588 4021 πᾶςι
627 3964 938 4020 CDGMNO
977 3964 1157 4021 Schol.
1199 3966 1239 4019 Β
1265 3970 1380 4018 372.
1418 3967 1498 4018 ένι
1535 3965 1601 4017 A.
1626 3995 1689 4003 —
1715 3971 1816 4018 290
1851 3969 1934 4019 τῶ
1966 3962 2385 4018 ACDGHLMO.
2424 3965 2652 4030 ήμὺςειε
2677 3961 2742 4016 G.

459 4035 712 4101 ἠμύςςειε
749 4034 810 4097 L.

593 4202 659 4254 A.
705 4221 750 4254 c.
815 4209 914 4256 277
960 4202 1277 4256 Zenodotus
1333 4203 1499 4258 ίόντιε
1554 4204 1711 4257 ἐόντι
1770 4201 2136 4257 Aristarchus,
2207 4233 2272 4241 -
2339 4206 2439 4255 282
2486 4202 2743 4255 κυάνεαιε

458 4269 1045 4390 ἓρὲὺοαιινΗΖεὲιΞοιὶοὺιιε.
1113 4278 1432 4339 πεφρικυῖαι
1487 4273 1546 4324 et
1596 4274 1894 4338 βεβριθυῖαι
1950 4269 2304 4324 Aristarchus
2348 4272 2543 4337 διχῶς,
2597 4270 2744 4322 conf.

498 4351 526 4386 υ
628 4377 639 4387 ,
796 4351 809 4365 ·
830 4381 842 4393 ,
