3144 5006
548 373 675 439 338
1472 374 1808 430 ΙΛΙΑΔΟΕ
1867 375 1933 428 Ψ.

718 515 1160 606 εὔχεςθαι”τῶ
1205 526 1261 591 κ’
1306 527 1384 591 οὔ
1429 548 1488 592 τι
1532 527 1934 593 πανύςτατος
1980 525 2132 604 ἦλθε
2178 525 2454 590 διώκων.

720 628 776 692 εἰ
820 627 891 692 δέ
936 649 1038 708 μιν
1085 626 1409 707 οἰκτείρεις
1454 629 1554 694 καί
1598 649 1697 694 τοι
1744 627 1935 709 φίλος
1981 628 2215 693 ἔπλετο
2261 632 2481 710 θυμῷ,

721 730 849 795 ἔςτι
892 750 993 794 τοι
1035 729 1107 795 ἐν
1152 731 1346 813 κλιςίῃ
1391 730 1624 810 χρυςὸς
1670 730 1909 814 πολύς,
1954 730 2081 796 ἔςτι
2124 732 2198 795 δὲ
2242 728 2484 808 χαλκὸς

550 835 678 897 550
721 832 821 897 καὶ
865 832 1152 912 πρόβατ’,
1199 832 1309 898 εἰςὶ
1352 833 1424 896 δέ
1467 853 1566 897 τοι
1612 833 1825 916 δμῳαὶ
1866 833 1965 896 καὶ
2010 834 2301 913 μώνυχες
2341 831 2539 895 ἵπποι
2567 851 2583 865 ·

719 938 856 1000 τῶν
902 934 964 999 οἱ
1007 934 1204 999 ἔπειτ’
1249 933 1502 998 ἀνελὼν
1548 934 1812 1012 δόμεναι
1860 935 1963 999 καὶ
2004 936 2224 1014 μεῖζον
2269 933 2548 1017 ἄεθλον,

719 1037 794 1116 ἠὲ
837 1037 941 1101 καὶ
984 1034 1211 1101 αὐτίκα
1254 1040 1404 1118 νῦν,
1445 1033 1558 1101 ἵνα
1604 1036 1656 1101 ς’
1700 1035 2037 1114 αἰνήςωςιν
2083 1036 2342 1115 Ἀχαιοί.

718 1141 834 1218 τήν
877 1138 937 1202 δ’
980 1138 1107 1214 ἐγὼ
1156 1137 1236 1202 οὐ
1283 1138 1498 1203 δώςω·
1545 1137 1690 1216 περὶ
1733 1137 1790 1200 δ’
1835 1138 2031 1216 αὐτῆς
2073 1138 2437 1218 πειρηθήτω

721 1240 984 1318 ἀνδρῶν
1029 1239 1103 1304 ὅς
1147 1240 1201 1304 κ’
1248 1239 1533 1323 ἐθέλῃςιν
1581 1239 1722 1318 ἐμοὶ
1766 1239 2028 1319 χείρεςςι
2075 1240 2394 1320 μάχεςθαι.

552 1348 673 1407 555
894 1341 984 1405 ὣς
1030 1340 1239 1424 φάτο,
1284 1343 1569 1420 μείδηςεν
1615 1342 1686 1405 δὲ
1730 1342 2055 1420 ποδάρκης
2100 1344 2237 1406 δῖος
2282 1340 2624 1420 Ἀχιλλεὺς

718 1444 961 1524 χαίρων
1005 1443 1387 1528 Ἀντιλόχῳ,
1432 1441 1531 1507 ὅτι
1577 1441 1639 1507 οἱ
1683 1444 1876 1524 φίλος
1917 1441 2032 1520 ἦεν
2076 1443 2362 1522 ἑταῖρος·

718 1544 820 1610 καί
863 1565 968 1626 μιν
1015 1544 1435 1625 ἀμειβόμενος
1477 1544 1640 1610 ἔπεα
1684 1545 2038 1624 πτερόεντα
2081 1545 2443 1624 προςηύδα·

897 1646 1224 1727 Ἀντίλοχ’,
1274 1647 1328 1712 εἰ
1371 1648 1486 1726 μὲν
1531 1647 1612 1726 δή
1658 1666 1732 1724 με
1776 1646 2053 1712 κελεύεις
2099 1646 2355 1712 οἴκοθεν
2400 1645 2567 1710 ἄλλο

721 1749 991 1834 Εὐμήλῳ
1036 1748 1405 1833 ἐπιδοῦναι,
1452 1748 1581 1826 ἐγὼ
1629 1749 1699 1813 δέ
1745 1769 1812 1813 κε
1859 1750 1961 1812 καὶ
2003 1748 2079 1812 τὸ
2124 1750 2414 1815 τελέςςω.

551 1856 675 1915 560
718 1851 907 1915 δώςω
954 1850 1015 1916 οἱ
1058 1851 1348 1935 θώρηκα,
1393 1852 1510 1916 τὸν
1556 1851 2014 1929 Ἀςτεροπαῑον
2059 1850 2403 1932 ἀπηύρων,

727 1953 1035 2034 χάλκεον,
1084 1953 1138 2038 ᾧ
1184 1952 1332 2031 πέρι
1374 1955 1577 2032 χεῦμα
1621 1956 1898 2034 φαεινοῦ
1943 1952 2332 2032 καςςιτέροιο

728 2054 1242 2135 ἀμφιδεδίνηται·
1290 2055 1533 2119 πολέος
1577 2053 1649 2118 δέ
1695 2053 1756 2118 οἱ
1798 2053 1973 2121 ἄξιος
2017 2053 2204 2118 ἔςται.

897 2156 936 2235 ἦ
984 2155 1102 2239 ῥα,
1150 2158 1254 2220 καὶ
1297 2155 1728 2234 Αὐτομέδοντι
1774 2155 1946 2238 φίλῳ
1994 2155 2319 2222 ἐκέλευςεν
2365 2154 2600 2238 ἑταίρῳ

736 2257 1048 2337 οἰςέμεναι
1092 2256 1429 2337 κλιςίηθεν·
1475 2258 1513 2322 ὃ
1559 2258 1616 2322 δ’
1661 2258 1870 2341 ᾤχετο
1914 2257 2017 2323 καί
2062 2258 2125 2323 οἱ
2168 2258 2389 2324 ἔνεικε.

689 2442 756 2496 V.
796 2462 843 2498 1..
913 2448 1013 2497 547
1050 2443 1303 2512 εὔχεςθαι
1348 2441 1536 2496 versui
1571 2441 1930 2497 antecedenti
1967 2442 2225 2497 additum
2260 2444 2346 2497 est
2379 2445 2439 2496 in
2473 2442 2532 2497 L.
2580 2444 2611 2473 *
2649 2447 2738 2497 τῶ
2774 2441 2850 2494 κέ

550 2585 636 2634 τῶ
674 2598 773 2635 κεν
809 2577 868 2633 L.
927 2585 1012 2650 τῷ
1050 2597 1148 2633 κεν
1184 2578 1221 2634 S
1268 2578 1418 2649 Lips.
1467 2578 1635 2633 Mose.
1682 2584 1730 2631 2.
1784 2541 1870 2633 τίί)
1917 2597 2015 2635 κεν
2051 2579 2118 2635 C:
2167 2580 2344 2634 ceteri
2376 2568 2446 2635 τό
2482 2598 2596 2636 κεν.
2640 2582 2848 2647 ἤλυθεν

552 2650 747 2702 ἄλλων
783 2646 849 2700 D.
887 2678 952 2687 -
1000 2653 1099 2702 548
1137 2647 1416 2716 οἰκτείρῃς
1453 2646 1608 2701 Vrat.
1649 2647 1714 2700 A.
1760 2647 1925 2714 φίλος
1970 2646 2116 2702 AGE
2163 2647 2316 2704 Harl.
2362 2647 2578 2704 Townl.
2630 2643 2848 2711 φίλονς’

554 2716 596 2770 C
634 2717 774 2783 (sic).
812 2716 981 2783 φίλον
1029 2714 1237 2769 DHLS.
1273 2746 1339 2755 -—
1384 2722 1483 2769 549
1518 2717 1631 2769 ἑςτί
1665 2732 1755 2768 τοι
1791 2716 1855 2769 A.
1902 2718 1965 2770 ἓν
2002 2718 2065 2769 Α.
2101 2717 2183 2769 ἐνὶ
2219 2716 2268 2770 G
2304 2714 2451 2770 Flor.
2498 2718 2705 2783 χρυςὸς
2740 2716 2884 2768 ἔςτι·

552 2786 615 2838 δὲ
652 2788 832 2839 πολὺς
869 2787 1076 2851 χαλκὸς
1113 2785 1176 2838 A.
1226 2819 1291 2828 —
1337 2790 1438 2838 550
1486 2783 1587 2838 εἰεί
1623 2784 1684 2837 δέ
1729 2784 1782 2837 οί
1829 2783 1896 2837 D.
1943 2786 2004 2837 δὲ
2039 2783 2126 2849 Η,
2174 2783 2376 2837 omisso
2413 2786 2483 2838 οί.
2528 2786 2737 2850 δμωιαί
2773 2782 2844 2833 A:

551 2851 726 2906 ceteri
761 2856 960 2918 δμωαὶ.
1007 2854 1191 2918 δμωαὶ
1238 2855 1327 2905 καί
1379 2854 1564 2915 μεῖζον
1610 2851 1815 2905 ἄεθλον
1864 2849 1931 2904 G.
1982 2881 2046 2891 —-
2093 2857 2186 2906 551
2235 2856 2357 2905 τῶν
2392 2852 2446 2907 οἳ
2481 2851 2558 2913 D,
2608 2863 2844 2921 gravem

551 2919 679 2978 add.
715 2926 763 2978 2.
800 2937 949 2976 man.
989 2950 1052 2961 -
1098 2927 1196 2974 553
1234 2925 1365 2988 περὶ·
1399 2918 1467 2973 Η.
1505 2948 1557 2957 -
1616 2926 1717 2973 554
1751 2923 1815 2974 ὅς
1852 2936 1914 2973 κε
1950 2922 2175 2987 θέληςιν
2211 2918 2277 2973 D.
2323 2922 2386 2975 δς
2423 2921 2751 2989 ςκεθέληςιν
2783 2915 2840 2968 1..

549 3018 618 3027 —-
653 2992 752 3043 555
801 2989 881 3053 ᾡς
916 2990 981 3042 A.
1027 2988 1249 3056 μείδηςε
1286 2986 1353 3040 Η.
1400 2988 1627 3053 ἀχῑλεύς
1664 2985 1723 3045 C.
1769 3017 1832 3026 —
1880 2993 1978 3041 557
2017 2989 2319 3055 πτερόεντ’
2352 2989 2625 3055 ἀγόρευεν
2664 2985 2833 3041 Mose.

1479 3081 1506 3118 ς

550 3130 599 3182 2.
638 3153 701 3163 —
743 3130 843 3178 559
889 3141 953 3179 κε
997 3123 1177 3180 οωίίῑὴ.
1224 3122 1287 3179 G.
1337 3123 1548 3178 τελέςω
1586 3123 1654 3179 A.
1699 3124 1910 3178 τελέςω
1955 3122 2000 3175 Ε
2045 3121 2192 3176 Flor.
2231 3123 2392 3181 Rom.
2428 3154 2493 3164 -
2530 3129 2631 3178 560
2670 3119 2831 3178 δώςώ

548 3193 602 3247 οἱ
640 3191 696 3251 C.
734 3193 819 3246 θώ
858 3209 965 3247 ακα
998 3190 1060 3246 L.
1110 3192 1179 3246 ὃν
1212 3190 1258 3243 Ε
1299 3197 1444 3255 1314,
1482 3198 1564 3245 49.
1613 3192 1873 3258 ἀπηῠρον
1910 3190 1954 3246 G
1995 3190 2154 3246 Cant.
2200 3222 2265 3230 —
2313 3197 2408 3246 561
2448 3208 2577 3259 περι
2612 3186 2835 3244 ADGH.

550 3262 679 3328 περί
716 3258 803 3313 CE
852 3300 864 3312 .
904 3290 966 3300 —
1002 3265 1100 3314 562
1137 3260 1197 3314 δέ
1233 3277 1323 3314 τοι
1358 3258 1398 3314 C
1446 3258 1615 3312 Mose.
1655 3265 1703 3311 2.
1751 3259 1905 3314 ἄξιον
1950 3257 2133 3313 ACDS
2181 3258 2342 3316 Cant.
2389 3259 2529 3318 Mor.
2568 3258 2730 3314 th.
2783 3254 2833 3306 d-

549 3358 614 3367 -—
651 3332 749 3382 563
783 3328 855 3395 ῥὰ
893 3326 1103 3385 CGHL.
1141 3358 1207 3367 —-
1242 3332 1343 3381 564
1378 3331 1656 3382 κλϊςΐοθεν
1691 3326 1760 3381 Η.
1798 3328 1831 3381 ὃ
1869 3329 1919 3381 δ’
1952 3325 2030 3394 D,
2071 3343 2184 3381 acc.
2224 3344 2372 3385 man.
2409 3344 2520 3382 rec.
2558 3329 2645 3381 ὅδ’
2683 3321 2832 3381 CGL.

554 3397 733 3450 ἔνεικε
771 3394 915 3449 ACD
952 3393 1074 3463 Syr,
1110 3393 1268 3448 Vrat.
1313 3395 1382 3452 A.
1420 3394 1566 3449 Flor.

550 3520 735 3528 .-.-——-

682 3588 781 3636 547
818 3587 903 3636 τῶ
952 3584 1017 3641 κ’.
1072 3580 1146 3635 ad
1189 3581 1342 3659 quod
1378 3581 1613 3635 deducit
1655 3581 1934 3650 scriptura
1975 3589 2060 3637 τῶ
2112 3600 2211 3638 κεν
2253 3583 2312 3636 in
2357 3583 2608 3652 quinque
2657 3577 2823 3641 libris,

553 3652 803 3720 reposui3
852 3652 920 3704 τό
969 3649 1119 3704 enim
1166 3648 1450 3719 mgnificab
1502 3665 1646 3703 eam
1691 3649 1769 3703 ob
1815 3666 2084 3705 oausam
2131 3654 2241 3720 (διὰ
2285 3655 2481 3716 τοῦτο)
2526 3654 2586 3705 et
2627 3647 2826 3704 idcirco

552 3736 652 3773 κεν
687 3718 981 3772 adsumere
1015 3733 1129 3772 non
1153 3720 1366 3786 potest,
1403 3723 1488 3770 τῶ
1513 3717 1798 3786 significat
1831 3718 1952 3783 ita,
1992 3719 2184 3782 tune,
2222 3726 2308 3773 τῶ
2345 3737 2444 3774 κεν
2479 3723 2643 3773 tunc
2675 3728 2828 3771 sane

551 3787 760 3849 (οὕτως
796 3788 908 3851 ἄν).
947 3787 1088 3841 conf.
1128 3803 1155 3840 ς
1190 3792 1291 3840 402
1327 3787 1438 3840 αἵθ’
1485 3786 1702 3852 ὤφελλ’
1737 3788 1769 3839 ὁ
1818 3790 1998 3841 ξεῖνος
2041 3788 2334 3851 ἀλώμενος
2370 3790 2565 3842 ἄλλοθ’
2597 3787 2826 3845 όλὲςθαῑ,

551 3857 685 3922 πρὶν
722 3855 927 3909 ἐλθεῖν·
971 3860 1057 3908 τῶ
1103 3857 1155 3908 κ’
1189 3852 1363 3922 (quod
1407 3854 1453 3907 ei
1498 3852 1812 3920 accidisset)
1860 3857 1927 3909 οὔ
1972 3872 2027 3908 τι
2063 3858 2236 3911 τόςον
2273 3858 2512 3910 κέλαδον
2547 3856 2824 3921 μετέθηκε.

451 3924 456 3929 ’
553 3924 593 3977 Β
631 3929 747 3977 250.
784 3924 829 3976 Τ
867 3928 949 3976 61.
987 3939 1024 3977 α
1057 3927 1172 3977 239.
1209 3928 1384 3988 γ224.
1421 3927 1536 3976 258.
1575 3938 1602 3976 ε
1637 3927 1753 3979 311.
1792 3926 1824 3975 θ
1850 3928 1965 3980 467.
2000 3940 2019 3977 ι
2053 3929 2169 3978 458.
2203 3927 2238 3977 λ
2273 3930 2392 3979 502.
2429 3927 2456 3979 ξ
2491 3928 2611 3977 369.
2648 3940 2682 3976 ο
2725 3924 2826 3975 181.

551 3995 668 4045 537.
704 4008 736 4058 ρ
773 3995 887 4045 164.
927 3996 1042 4045 242.
1080 4008 1107 4046 c
1144 3996 1261 4045 375.
1298 3996 1413 4045 379.
1449 3982 1638 4046 τ’3ιο.
1671 4008 1706 4044 υ
1743 3995 1859 4049 373.
1896 4008 1942 4058 φ
1977 3997 2092 4045 374.
2130 4010 2162 4058 χ
2199 3996 2278 4046 78.
2324 3998 2432 4045 134.
2469 4010 2515 4058 ψ
2554 3997 2636 4045 23.
2673 4007 2720 4044 ω
2753 3990 2824 4040 33.

552 4064 667 4114 285.
706 4064 824 4113 381.
860 4088 926 4097 -
974 4062 1073 4113 548
1118 4060 1303 4113 οὕτως
1346 4060 1436 4112 διὰ
1478 4062 1583 4113 τοῦ
1618 4065 1655 4114 Ε
1689 4061 1856 4125 φίλος
1893 4064 2058 4114 πᾶςαι
2096 4061 2253 4127 εἶχον
2298 4057 2427 4112 Did
2484 4074 2654 4126 mus,
2698 4051 2824 4111 conf.

551 4126 626 4181 ad
660 4128 718 4182 Π
750 4132 867 4181 450.
907 4157 972 4165 -
1007 4132 1101 4181 551
1143 4130 1330 4192 μεῖζον
1366 4128 1574 4181 ἄεθλον
1610 4126 1987 4193 Aristarchus,
2025 4129 2173 4182 teste
2208 4126 2394 4197 Apoll.
2471 4126 2598 4195 oph.
2638 4131 2717 4190 11,
2756 4126 2827 4177 14.

550 4224 618 4233 —
652 4200 748 4249 561
798 4194 934 4249 εἰςίν
986 4195 1041 4249 οἱ
1093 4195 1445 4262 ἀνέςτρεψαν
1495 4198 1606 4262 τὴν
1661 4198 1803 4262 περί.
1858 4198 1890 4249 ό
1948 4196 2136 4261 μέντοι
2183 4196 2597 4263 Ἀςκαλωνίτης
2643 4195 2731 4248 καί
2777 4187 2823 4242 ο(

552 4262 783 4317 πλείους
822 4268 965 4316 κατὰ
999 4265 1294 4383 παρολκὲν
1331 4263 1653 4319 ἐξεδέξαντο
1690 4267 1896 4319 κεῖςθαι
1923 4265 2011 4318 διὰ
2046 4266 2115 4319 τὸ
2141 4265 2586 4333 ἀμφιδεδίνηται·
2623 4263 2709 4317 διὸ
2732 4258 2822 4315 οὐκ

553 4330 994 4399 ἀναςτρέφουςιν
1030 4329 1209 4384 Hero
1268 4346 1483 4384 mnus.
