3144 5006
1301 418 1631 506 ΙΛΙΑΔΟ(
1687 417 1729 474 Ι.
2574 418 2651 485 21

521 573 698 639 Ζεὺς
742 573 871 651 γὰρ
915 572 981 637 ἐς
1028 571 1334 638 Ὠκεανὸν
1380 573 1521 653 μετ’
1563 571 1895 652 ἀμύμονας
1939 572 2280 651 Αἰθιοπῆας

522 676 748 754 χθιζὸς
795 674 910 755 ἔβη
953 674 1368 760 κατὰοδαῖτα,
1413 677 1552 743 θεοὶ
1596 677 1653 740 δ’
1697 674 1825 756 ἅμα
1869 674 2109 749 πάντες
2151 673 2415 740 ἕποντο.

343 782 479 841 425
525 776 863 860 δωδεκάτῃ
909 777 981 841 δέ
1024 797 1123 843 τοι
1166 774 1344 841 αὖτις
1387 777 1709 843 ἐλεύςεται
1752 777 2104 855 Οὔλυμπον
2148 777 2248 852 δέ,

524 881 632 944 καὶ
673 878 820 944 τότ’
863 877 1082 944 ἔπειτά
1124 898 1225 944 τοι
1269 875 1395 959 εἶμι
1437 879 1604 945 Διὸς
1647 880 1799 944 ποτὶ
1842 878 2231 958 χαλκοβατὲς
2278 882 2403 957 δῶ,

526 980 634 1046 καί
678 1002 785 1062 μιν
828 979 1255 1062 γουνάςομαι,
1300 981 1401 1044 καί
1445 1001 1549 1061 μιν
1596 981 1909 1047 πείςεςθαι
1954 979 2093 1045 ὀίω.

702 1083 792 1147 ὣς
835 1081 961 1160 ἄρα
1004 1081 1339 1161 φωνήςας’
1383 1081 1766 1162 ἀπεβήςετο,
1810 1083 1928 1149 τὸν
1973 1083 2046 1148 δὲ
2091 1081 2228 1148 λίπ’
2273 1081 2472 1147 αὐτοῦ

526 1173 876 1265 χωόμενον
918 1184 1079 1248 κατὰ
1121 1184 1324 1263 θυμὸν
1370 1184 1682 1252 ἐυζώνοιο
1725 1184 2056 1260 γυναικός,

340 1295 485 1353 430
527 1288 649 1365 τήν
694 1286 776 1366 ῥα
820 1283 919 1367 βίῃ
963 1284 1272 1351 ἀέκοντος
1318 1285 1649 1365 ἀπηύρων.
1740 1287 1942 1365 αὐτὰρ
1988 1286 2320 1352 Ὀδυςςεὺς

527 1391 600 1455 ἐς
645 1387 907 1467 Χρύςην-
937 1387 1159 1452 ἵκανεν
1204 1386 1385 1463 ἄγων
1428 1387 1608 1468 ἱερὴν
1653 1388 2019 1468 ἑκατόμβην.

528 1493 599 1556 οἳ
642 1491 700 1555 δ’
742 1488 851 1555 ὅτε
894 1490 975 1568 δὴ
1021 1488 1275 1569 λιμένος
1319 1490 1757 1571 πολυβενθέος
1805 1490 1988 1556 ἐντὸς
2028 1488 2282 1566 ἵκοντο,

523 1592 686 1657 ἱςτία
730 1592 845 1671 μὲν
888 1591 1248 1673 ςτείλαντο,
1293 1591 1481 1657 θέςαν
1527 1592 1584 1657 δ’
1629 1591 1701 1657 ἑν
1746 1592 1850 1671 νηὶ
1893 1590 2189 1676 μελαίνῃ,

524 1694 703 1759 ίςτὸν
747 1693 805 1757 δ’
846 1692 1141 1777 ἱςτοδόκῃ
1186 1692 1470 1761 πέλαςαν
1513 1693 1925 1772 προτόνοιςιν
1970 1693 2246 1775 ὑφέντες
2410 1759 2413 1762 ,

340 1803 479 1862 435
523 1794 969 1874 καρπαλίμως,
1013 1795 1130 1873 τὴν
1174 1795 1231 1859 δ’
1276 1794 1364 1861 εἰς
1408 1792 1617 1876 ὅρμον
1662 1795 2056 1876 προέρεςςαν
2099 1795 2409 1876 ἐρετμοῖς.

526 1898 601 1963 ἐκ
644 1897 702 1961 δ’
745 1896 939 1963 εὐνὰς
982 1896 1251 1977 ἔβαλον,
1298 1899 1458 1962 κατὰ
1500 1898 1572 1962 δὲ
1616 1897 1961 1978 πρυμνήςι’
2005 1898 2260 1976 ἔδηςαν·

527 2000 601 2064 ἐκ
645 2000 719 2063 δὲ
746 2000 864 2063 ’καὶ
908 1998 1095 2063 αὐτοὶ
1138 2002 1366 2079 βαῖνον
1411 1995 1517 2066 ἐπὶ
1560 1999 1810 2080 ῥηγμῖνι
1854 1999 2203 2079 θαλάςςης,

532 2101 605 2165 ἐκ
649 2101 706 2165 δ’
751 2098 1104 2179 ἑκατόμβην
1151 2104 1346 2181 βῆςαν
1391 2099 1680 2185 ἑκηβόλῳ
1727 2100 2115 2167 Ἀπόλλωνι·

527 2194 612 2267 ἐκ
646 2202 719 2266 δὲ
765 2202 1031 2280 Χρυςηὶς
1076 2202 1234 2281 νηὸς
1277 2205 1354 2282 βῆ
1400 2202 1867 2280 ποντοπόροιο.

348 2310 485 2369 440
526 2306 645 2382 τὴν
690 2304 804 2384 μὲν
850 2303 1059 2369 ἔπειτ’
1101 2303 1206 2367 ἐπὶ
1250 2303 1469 2383 βωμὸν
1514 2304 1697 2380 ἄγων
1750 2304 2101 2384 πολύμητις
2146 2304 2480 2373 Ὀδυςςεὺς

525 2407 718 2485 πατρὶ
759 2405 934 2489 φίλῳ
980 2406 1052 2471 ἐν
1096 2406 1269 2484 χερςὶ
1310 2407 1496 2486 τίθει,
1542 2406 1646 2472 καί
1689 2428 1793 2487 μιν
1837 2407 2245 2487 προςέειπεν·

696 2506 751 2572 ὦ
799 2508 1040 2589 Χρύςη,
1084 2507 1213 2586 πρό
1258 2508 1330 2587 μ’
1373 2508 1666 2590 ἔπεμψεν
1712 2508 1872 2576 ἄναξ
1929 2508 2191 2588 ἀνδρῶν
2235 2509 2646 2590 Ἀγαμέμνων

528 2609 728 2677 παῖδά
767 2631 838 2677 τε
884 2610 982 2676 col
1024 2608 1292 2693 ἀγέμεν,
1340 2609 1559 2696 Φοίβῳ
1606 2611 1673 2677 θ’
1714 2611 1890 2694 ἱερὴν
1936 2610 2288 2704 ἑκατόμβην

384 2743 713 2750 ο--Δ-,ρ

492 2795 559 2849 V.
597 2815 644 2849 ι..
678 2801 779 2850 423
813 2796 895 2851 tc:
932 2796 1025 2850 ἐπ’
1061 2795 1118 2851 C.
1160 2797 1306 2861 μετέ
1345 2796 1437 2850 ἐπὶ
1470 2794 1628 2851 Eust.
1667 2800 1778 2858 128,
1819 2801 1863 2850 1.
1891 2826 1951 2838 —-
1977 2801 2076 2850 424
2115 2796 2256 2851 κατὰ
2293 2795 2494 2851 Strabo
2533 2796 2574 2861 1,
2600 2804 2649 2851 3.

354 2864 538 2920 Schol.
578 2866 621 2917 Α
656 2869 775 2918 484.
815 2862 997 2940 Apoll.
1033 2861 1163 2917 Lex.
1200 2868 1284 2927 96,
1314 2870 1403 2916 16:
1444 2864 1586 2929 μετὰ
1622 2862 1811 2917 ACDE
1852 2868 1967 2929 128,
2005 2868 2073 2918 45
2109 2862 2297 2918 GHLS
2331 2863 2649 2918 Macrobius

356 2932 474 2986 Sat.
508 2931 553 2996 Ι,
589 2937 656 2985 23
716 2939 760 2984 1.
807 2930 1083 2984 Diodorus
1104 2930 1214 2995 1111,
1257 2937 1305 2984 2.
1350 2931 1641 2985 Lesbonax
1679 2935 1806 2999 περὶ
1842 2932 2143 2998 ςχημάτων
2227 2950 2281 3001 g.
2320 2939 2433 2985 180.
2480 2932 2648 2985 Athe-

356 3016 530 3053 naeus
567 2972 717 3059 Vffl.
752 3004 872 3053 363.
906 2998 994 3052 Et.
1030 2997 1176 3053 Gud.
1212 3003 1331 3067 388,
1370 3005 1452 3054 26.
1488 2999 1853 3068 Pseudoplut.
1896 3005 2009 3064 118,
2046 3006 2092 3054 8.
2130 2950 2309 3052 ὃοῖιοῑ
2350 3001 2392 3053 Α
2432 3006 2547 3052 493.
2584 3029 2647 3037 --

360 3075 456 3122 425
493 3069 649 3122 αὖθις
685 3066 742 3120 C.
780 3068 1078 3132 οὔλυμπον
1116 3068 1175 3120 δέ
1210 3069 1275 3122 A.
1323 3097 1386 3106 —-
1433 3073 1533 3122 428
1566 3068 1911 3134 ἀπεβήςετοι
1960 3068 2281 3133 ἀπεβήςατο
2317 3065 2480 3119 DGL.
2516 3068 2650 3121 ἀπε-

356 3149 566 3236 βήςᾶτο
602 3168 671 3221 H.
716 3169 826 3222 ’δὲ
860 3168 1013 3221 λίπ’;
1057 3168 1185 3222 libri
1223 3171 1273 3223 δ’
1308 3170 1463 3222 έλιπ’
1499 3169 1567 3223 cf.
1606 3170 1646 3223 Β
1682 3175 1765 3224 35.
1814 3198 1879 3206 -
1919 3174 2020 3222 429
2054 3169 2346 3235 χωόμενος
2379 3167 2439 3225 L.
2479 3168 2649 3223 εὐζώ-

354 3255 477 3292 νοιο
511 3237 553 3290 C
596 3244 821 3290 1.-1nan.
860 3234 969 3288 DL.
1013 3265 1078 3274 —
1119 3243 1219 3290 432
1265 3237 1372 3291 οἵδ’
1408 3234 1578 3290 CHL:
1626 3236 1800 3290 ceteri
1844 3236 1898 3292 οἱ
1933 3237 1999 3293 δ’.
2036 3265 2100 3275 —
2145 3242 2245 3291 435
2283 3237 2646 3306 προέρεςςανε

356 3305 699 3373 προέρυςςαν
736 3302 988 3360 ADHLS.
1028 3305 1346 3371 προέρυςαν
1381 3303 1469 3357 (ΣΕ
1504 3310 1619 3370 130,
1657 3309 1722 3357 24
1761 3303 1809 3356 G
1843 3302 2038 3357 Zonar.
2088 3303 2217 3359 Lex.
2259 3311 2405 3359 1462.
2444 3335 2510 3345 -
2545 3311 2645 3360 436

352 3375 592 3440 ἔβαλλον
625 3372 698 3498 ἐ).
736 3370 1069 3492 καέιέἕῡῐι.
1107 3401 1173 3411 -
1206 3378 1309 3492 4ἷο
1345 3374 1436 3426 ἐπι
1472 3372 1536 3429 Α.
1577 3374 1797 3439 βωμὸνε
1844 3375 2016 3439 βωμῷ
2055 3371 2237 3442 Apoll.
2274 3371 2405 3427 Lex.
2444 3379 2527 3439 43,
2566 3379 2646 3430 20.

350 3471 421 3484 —-
451 3447 553 3496 443
588 3456 622 3493 τ
691 3456 776 3494 ςοι
991 3445 1107 3505 131,
1142 3447 1211 3495 46
1294 3483 1304 3495 .

479 3613 548 3665 A.
588 3627 638 3663 c.
681 3609 807 3676 μετ’
841 3609 1151 3674 ἀμύμοναςε
1191 3610 1545 3676 Ἀρίςταρχος
1583 3611 1674 3663 ἐπ’
1707 3610 1994 3676 ἀμύμονας
2031 3609 2213 3665 Schol.
2248 3608 2307 3664 L.
2354 3618 2440 3666 cst
2473 3611 2646 3681 expli-

352 3678 522 3745 satie,
578 3694 695 3732 non
752 3675 1032 3746 scriptura
1074 3675 1401 3731 Aristarchi.
1460 3676 1557 3732 alii
1613 3678 1753 3743 μετὰ
1798 3678 2102 3744 Μέμνονας
2148 3679 2346 3733 Αἰθιοπ
2390 3696 2456 3734 ας
2502 3680 2646 3733 teste

344 3747 598 3802 Eustath.
642 3751 762 3810 128,
802 3750 886 3798 41.
934 3775 997 3783 -
1042 3750 1144 3798 424
1189 3745 1520 3813 ἀρίςταρχος
1567 3748 1714 3800 κατὰ
1750 3747 1913 3800 δαῖτα
1948 3745 2307 3814 Didymus,
2347 3746 2366 3798 i
2473 3746 2646 3801 ctiam

343 3814 741 3879 Antimachus,
782 3811 1201 3881 Aristophanes,
1240 3812 1608 3878 CallistratuS,
1645 3813 1809 3868 Dion.
1847 3812 2123 3879 SidoniuS,
2163 3814 2298 3880 Ixio,
2335 3812 2647 3868 Massilien-

340 3885 426 3951 sis,
464 3883 565 3939 Sin
648 3880 822 3945 ensis,
859 3878 1084 3950 Cypria.
1120 3880 1336 3934 fallitur
1368 3880 1668 3935 scholiasta
1703 3881 1853 3950 apud
1890 3880 2069 3936 Cram.
2105 3883 2208 3936 An.
2234 3881 2359 3937 Par.
2403 3880 2501 3944 ΙΙΙ,
2530 3889 2645 3949 139,

334 3961 393 4009 17
428 3955 490 4008 et
642 3949 720 4007 ol.
760 3947 807 4001 L
845 3951 907 4002 et
939 3948 1339 4018 grammaticus
1375 3948 1528 4018 apud
1555 3948 1851 4017 Mati-auga
1872 3948 2083 4003 Anecd.
2126 3955 2243 4014 432,
2283 3948 2382 4017 qui
2408 3949 2645 4002 Aristar-

324 4024 495 4078 chum
532 4023 636 4076 ἐπὶ
674 4020 850 4072 δαῖτα
886 4015 1170 4085 scripsisse
1207 4016 1508 4075 affirmant.
1543 4033 1649 4070 nec
1673 4017 1855 4070 maior
1889 4015 2029 4070 fides
2051 4016 2317 4070 habenda
2350 4017 2437 4070 est
2460 4015 2645 4073 Schol.

326 4089 623 4160 Aristoph.
662 4088 778 4143 Av.
820 4090 971 4148 1177,
1009 4084 1108 4152 qui
1145 4086 1285 4150 μετὰ
1329 4083 1689 4154 Aristophani
1732 4084 2103 4154 grammatico
2147 4083 2365 4138 tribuit.
2402 4085 2642 4138 ἕποντοε

322 4163 563 4217 ἕπονται
600 4151 1003 4212 Aristarchus,
1052 4182 1118 4191 —
1164 4158 1263 4206 432
1299 4153 1488 4208 ἑντὸςι
1537 4152 1887 4206 Aristarchus
1928 4154 2109 4218 ἐγγὺς.
2154 4179 2222 4191 -
2265 4157 2365 4205 434
2401 4152 2643 4218 ὑφέντες

316 4228 685 4285 Zenodotus:
746 4218 1114 4276 Aristarchus
1164 4221 1407 4286 ἀφέντες
1462 4221 1607 4274 teste
1655 4219 1914 4288 Didyme,
1965 4235 2078 4273 non
2124 4220 2374 4283 ἐφέντες.
2431 4249 2499 4259 -
2546 4226 2648 4276 435

303 4300 669 4369 προέρεεεαν
716 4287 1089 4346 Aristarchus
1132 4304 1259 4342 cum
1298 4287 1577 4358 Argolica,
1615 4287 1927 4356 Sinopensi,
1973 4287 2258 4358 Sosigene,
2305 4287 2448 4343 conf.
2491 4286 2645 4344 Eust.

298 4376 452 4436 1615,
495 4371 585 4424 5⁷.
632 4360 707 4416 Η.
757 4357 828 4412 Τ.
866 4363 989 4412 346.
