3144 5006
1313 392 1649 448 ΙΛΙΑΔΟΕ
1699 391 1822 448 XII.
2585 392 2714 458 343

466 556 550 615 80
762 549 851 614 ὣς
894 547 1069 629 φάτο
1110 546 1574 630 Πουλυδάμας,
1620 546 1735 612 ἅδε
1780 548 1837 613 δ’
1879 548 2130 627 Ἕκτορι
2176 551 2374 626 μῦθος
2419 546 2714 630 ἀπήμων,

593 651 817 717 αὐτίκα
861 651 918 715 δ’
962 651 1027 715 ἐξ
1072 649 1286 729 ὀχέων
1330 650 1445 714 ςὺν
1488 650 1770 729 τεύχεςιν
1818 649 1976 715 ἆλτο
2021 652 2280 729 χαμᾶζε.

595 753 751 819 οὐδὲ
794 754 909 833 μὲν
955 752 1142 817 ἄλλοι
1188 753 1405 832 Τρῶες
1449 751 1554 831 ἐφ’
1595 751 1817 818 ἵππων
1860 751 2269 835 ἠγερέθοντο,

595 856 737 921 ἀλλ’
780 854 912 921 ἀπὸ
956 854 1193 920 πάντες
1236 851 1542 934 ὄρουςαν,
1591 853 1731 919 ἐπεὶ
1771 853 1917 920 ἴδον
1962 855 2236 933 Ἕκτορα
2280 857 2444 920 δῖον.

595 957 839 1041 ἡνιόχῳ
884 958 1000 1037 μὲν
1048 955 1267 1021 ἔπειτα
1310 956 1397 1040 ἑῷ
1443 955 1786 1022 ἐπέτελλεν
1832 956 2093 1021 ἕκαςτος

469 1064 548 1123 85
591 1058 833 1125 ἵππους
878 1057 949 1122 εὖ
995 1060 1156 1123 κατὰ
1198 1059 1437 1136 κόςμον
1480 1056 1786 1137 ἐρυκέμεν
1830 1057 1971 1123 αὖθ’
2016 1057 2122 1122 ἐπὶ
2162 1056 2425 1143 τάφρῳ·

594 1162 660 1227 οἳ
704 1162 776 1225 δὲ
819 1161 1215 1244 διαςτάντες,
1264 1161 1463 1240 ςφέας
1508 1159 1747 1224 αὐτοὺς
1793 1159 2201 1244 ἀρτύναντες,

592 1263 878 1343 πένταχα
921 1263 1336 1343 κοςμηθέντες
1380 1262 1483 1340 ἅμ’
1525 1262 1933 1343 ἡγεμόνεςςιν
1979 1263 2237 1328 ἕποντο.

762 1366 829 1429 οἳ
872 1365 986 1444 μὲν
1030 1363 1134 1444 ἅμ’
1177 1364 1424 1444 Ἕκτορ’
1466 1363 1609 1430 ἴςαν
1654 1364 1755 1429 καὶ
1798 1363 2072 1446 ἀμύμονι
2117 1364 2640 1444 Πουλυδάμαντι,

595 1468 662 1532 οἳ
702 1469 988 1533 πλεῖςτοι
1032 1467 1137 1532 καὶ
1178 1466 1417 1544 ἄριςτοι
1463 1467 1635 1550 ἔςαν,
1679 1466 1960 1546 μέμαςαν
2004 1468 2076 1532 δὲ
2119 1468 2382 1547 μάλιςτα

468 1575 550 1634 90
592 1572 805 1648 τεῖχος
848 1568 1185 1649 ῥηξάμενοι
1231 1568 1448 1652 κοίλῃς
1494 1568 1602 1633 ἐπὶ
1643 1569 1821 1646 νηυςὶ
1863 1569 2182 1648 μάχεςθαι.

593 1671 693 1736 καί
738 1692 887 1752 ςφιν
937 1670 1279 1750 Κεβριόνης
1322 1670 1533 1749 τρίτος
1578 1669 1827 1735 εἵπετο·
1873 1672 2005 1750 πὰρ
2051 1670 2108 1734 δ’
2149 1668 2251 1751 ἄρ’
2295 1670 2561 1750 ὄχεςφιν

592 1772 798 1839 ἄλλον
846 1773 1192 1852 Κεβριόναο
1237 1770 1535 1852 χερείονα
1578 1771 1887 1838 κάλλιπεν
1929 1773 2191 1852 Ἕκτωρ.

591 1879 723 1941 τῶν
769 1874 825 1938 δ’
868 1874 1107 1954 ἑτέρων
1155 1873 1356 1953 Πάρις
1399 1873 1556 1954 ἦρχε
1601 1874 1703 1938 καὶ
1747 1874 2095 1940 Ἀλκάθοος
2140 1877 2243 1940 καὶ
2286 1875 2594 1956 Ἀγήνωρ,

589 1982 724 2042 τῶν
768 1978 840 2042 δὲ
882 1976 1114 2056 τρίτων
1159 1976 1423 2042 Ἕλενος
1466 1978 1567 2040 καὶ
1611 1976 1952 2056 Δηίφοβος
1995 1978 2304 2059 θεοειδής,

464 2084 545 2142 95
591 2077 686 2144 υἷε
729 2080 866 2143 δύω
909 2078 1262 2157 Πριάμοιο·
1305 2078 1519 2157 τρίτος
1563 2078 1621 2141 δ’
1664 2078 1744 2157 ἦν
1789 2078 2001 2143 ’Άςιος
2045 2079 2239 2162 ἥρως,

587 2181 797 2246 Ἀςιος
840 2180 1211 2260 Ὑρτακίδης
1234 2229 1252 2262 ,
1299 2179 1379 2246 ὃν
1424 2179 1785 2259 Ἀρίςβηθεν
1832 2180 2042 2260 φέρον
2083 2181 2275 2245 ἵπποι

590 2282 866 2348 αἴθωνες
909 2282 1212 2366 μεγάλοι,
1257 2287 1554 2363 ποταμοῦ
1600 2279 1733 2347 ἄπο
1780 2282 2185 2362 (ελλήεντος.

590 2392 720 2449 τῶν
765 2385 836 2449 δὲ
877 2385 1200 2464 τετάρτων
1246 2385 1441 2464 ἦρχεν
1485 2384 1596 2448 ἐὺς
1640 2383 1789 2449 πάις
1831 2384 2145 2473 Ἀγχίςαο,

589 2486 869 2571 Αἰνείας,
916 2487 1044 2568 ἅμα
1087 2494 1178 2571 τῷ
1221 2508 1296 2563 γε
1342 2487 1478 2552 δύω
1523 2486 1908 2567 Ἀντήνορος
1953 2486 2070 2570 υἷε,

422 2596 545 2654 100
588 2590 970 2669 Ἀρχέλοχός
1010 2590 1067 2654 τ’
1112 2590 1380 2669 Ἀκάμας
1423 2610 1524 2673 τε,
1569 2589 1772 2669 μάχης
1818 2588 1890 2654 εὖ
1934 2590 2137 2654 εἰδότε
2181 2589 2399 2669 πάςης.

592 2691 952 2770 (αρπηδων
999 2692 1056 2756 δ’
1099 2691 1356 2770 ἡγήςατ’
1400 2690 1795 2768 ἀγακλειτῶν
1840 2691 2228 2774 ἐπικούρων,

587 2793 751 2871 πρὸς
794 2794 852 2857 δ’
894 2794 1077 2858 ἕλετο
1126 2795 1407 2859 Γλαῦκον
1452 2795 1553 2858 καὶ
1598 2792 1825 2873 ἀρήιον
1871 2793 2353 2872 Ἀςτεροπαῖον·

589 2895 655 2958 οἳ
697 2893 818 2973 γάρ
866 2894 927 2959 οἱ
970 2893 1223 2960 εἴςαντο
1269 2896 1594 2975 διακριδὸν
1634 2893 1807 2962 ἐἶναι
1851 2894 2091 2974 ἄριςτοι

555 3096 622 3150 v.
663 3116 711 3150 1..
770 3103 836 3152 80
873 3098 950 3151 ὼ(
988 3061 1054 3149 Αἶ
1093 3098 1192 3151 ἅδε
1219 3096 1357 3151 cm:
1393 3102 1510 3161 303,
1545 3105 1612 3152 30
1638 3099 1800 3152 otu.
1836 3129 1901 3136 -
1938 3104 2001 3151 81
2040 3098 2283 3165 ἑεοχέων
2316 3097 2434 3151 AD.
2471 3100 2611 3153 ᾱιτο
2635 3099 2707 3153 D.

417 3170 627 3233 χαμᾶζε
662 3165 834 3219 ADE:
874 3167 1081 3232 χαμάζε
1119 3164 1326 3219 CGHL.
1367 3196 1428 3203 —
1467 3173 1532 3220 82
1567 3172 1751 3235 τρῷες
1778 3164 1837 3219 L.
1878 3196 1936 3204 ——
1979 3172 2045 3221 83
2080 3168 2194 3221 ἀπο
2221 3165 2289 3220 D.
2326 3168 2441 3220 ἄπο
2468 3168 2531 3220 G.
2568 3169 2706 3223 ἀπο-

417 3303 615 3368 βάντες
651 3301 711 3355 L.
751 3252 1068 3369 ἀποτὲάντες
1105 3300 1172 3354 Η.
1217 3332 1282 3340 -
1328 3307 1394 3355 85
1431 3302 1557 3355 αὖτ’
1592 3300 1660 3358 Η.
1707 3303 2024 3370 ἐπιτάφρωι
2060 3305 2125 3357 A.
2171 3304 2395 3370 τάφρον
2430 3303 2491 3355 L.
2540 3333 2600 3343 -—
2640 3310 2705 3359 86

415 3372 736 3436 ἀρτύναντο
771 3370 829 3423 L.
867 3400 929 3408 ——
971 3376 1033 3424 87
1074 3371 1312 3424 ἕποντοε
1350 3370 1570 3423 ’έκαςτοι
1606 3369 1665 3423 L.
1711 3387 1795 3437 γρ.
1834 3372 2065 3425 ἕκαςτος
2103 3372 2167 3423 A.
2207 3382 2297 3409 -“
2316 3377 2382 3425 88
2417 3370 2471 3425 οἳ
2508 3374 2609 3438 μὲν
2647 3374 2704 3426 O.

416 3456 603 3538 ἔπορ’
629 3472 704 3556 ΛΑ.
757 3502 822 3510 -
867 3478 933 3525 90
968 3472 1155 3538 τεῖχός
1198 3489 1262 3527 τε
1297 3473 1485 3539 ῥήξειν
1521 3474 1613 3525 καὶ
1655 3472 1971 3540 ἑνιπρ’ςειν
2006 3473 2331 3593 ἓὲμπρήςειν
2369 3471 2416 3526 G
2454 3472 2705 3541 Barocc.)

417 3543 552 3606 πυρὶ
586 3557 724 3606 νηας
762 3539 849 3594 GS
886 3538 1044 3593 Cant.
1084 3539 1221 3594 Mor.
1257 3540 1485 3593 Barooo.
1524 3538 1681 3593 Harl.
1720 3538 1837 3593 Vra
1903 3542 1967 3593 A.
2032 3556 2205 3610 ragm.
2242 3540 2411 3594 Mose.
2448 3544 2508 3594 ἐν
2545 3543 2703 3611 ἄλλῳ

413 3614 601 3673 τεῖχος
648 3611 680 3675 ῥ
721 3609 945 3674 ξάμενοι
992 3610 1201 3674 κοιλῆις
1246 3609 1339 3662 ἐπὶ
1460 3611 1544 3662 uel
1591 3608 1854 3674 μάχεςθαι
1890 3610 1938 3661 Α
1973 3611 2038 3662 ut
2071 3609 2130 3660 in
2164 3610 2342 3661 textu.
2390 3640 2451 3647 —
2489 3617 2551 3664 91
2591 3628 2705 3678 παρ

417 3675 536 3732 DH.
573 3678 643 3742 ἂρ
680 3627 746 3729 a.
781 3677 852 3743 ἀρ
889 3678 954 3729 Α.
991 3712 1053 3719 -
1090 3682 1156 3729 94
1191 3626 1487 3731 έλενοςᾝ.
1525 3706 1594 3714 -
1629 3682 1694 3729 95
1730 3678 1832 3731 δύο
1858 3675 1967 3741 CD,
2006 3676 2150 3730 conf.
2178 3675 2248 3728 H.
2274 3676 2340 3730 U.
2365 3683 2448 3730 46.
2486 3678 2701 3744 τρίτοςε

415 3746 679 3811 τρίτατος
713 3741 833 3797 DG.
872 3745 1115 3812 πριάμου
1149 3744 1412 3811 τρίτατος
1447 3742 1676 3797 Barocc.
1720 3743 1857 3797 Mor.
1896 3744 2051 3798 Vrat.
2087 3744 2142 3797 b.
2192 3773 2253 3783 —
2296 3750 2363 3797 96
2398 3747 2503 3798 τὸν
2541 3746 2599 3798 C.
2636 3778 2695 3786 ——

414 3818 479 3865 97
518 3813 633 3867 ἄπο
669 3810 768 3864 AG
807 3812 885 3868 10.
922 3811 1222 3869 Alexandr.
1260 3818 1340 3868 26.
1381 3818 1470 3866 30:
1516 3813 1633 3865 ἀπὸ
1670 3810 1875 3866 CDHL.
1924 3842 1980 3849 -—
2032 3817 2097 3866 98
2134 3818 2264 3866 παῖς
2301 3811 2367 3865 Η.
2415 3841 2479 3850 —-
2516 3819 2582 3866 99
2617 3820 2702 3882 τῷ

413 3896 506 3943 γει
543 3882 692 3933 τώδε
731 3878 795 3932 Η.
844 3910 910 3919 --
959 3887 1048 3933 101
1089 3882 1283 3946 ἡγεῖτο
1328 3878 1394 3932 L:
1434 3880 1609 3933 ceteri
1658 3881 1911 3946 ήγήςατ’,
1958 3878 2006 3930 Ι)
2044 3881 2312 3946 ήγήςατο.
2367 3882 2704 3944 ἀγακλυτῶν

419 3948 598 4000 Draco
635 3947 706 4000 de
730 3945 893 4002 Metr.
937 3956 1014 4013 10,
1051 3954 1133 4001 23.
1171 3978 1237 3986 —
1277 3953 1372 4001 102
1408 3965 1550 4016 προς
1578 3947 1687 4003 (31).
1723 3977 1791 3987 —
1829 3954 1926 4001 103
1959 3947 2015 4001 οἳ
2048 3949 2155 4015 γὰρ
2181 3946 2299 4000 DG.
2336 3947 2390 4001 οἳ
2413 3950 2518 4015 γάρ
2545 3948 2704 4004 CHL.

549 4137 614 4189 A.
653 4152 698 4188 c.
758 4140 825 4189 85
861 4135 1011 4187 αὗθέ
1049 4137 1118 4187 τὸ
1141 4136 1278 4189 ὅλον
1303 4135 1439 4188 αὖτε
1463 4134 1762 4202 ἑπιτάφρω
1789 4131 1971 4187 Schol.
1997 4133 2060 4186 A.
2098 4134 2244 4188 τινὲς
2278 4133 2407 4187 αὖθι
2430 4132 2611 4191 Schol.
2630 4135 2696 4189 V.

411 4234 477 4243 —
497 4209 561 4257 87
591 4205 829 4257 ἔποντοι
867 4201 964 4254 alii
989 4203 1207 4256 ἕκαςτοι
1231 4202 1699 4271 teste-Nicanore.
1742 4232 1795 4239 —
1842 4208 1935 4255 101
1964 4203 2160 4266 ἡγεῖτο
2187 4200 2443 4254 defendiss
2465 4202 2699 4256 Ahrens.

410 4271 497 4404 33,
519 4271 706 4395 lgigt‘tus
741 4269 1023 4324 Homerici
1059 4271 1326 4340 legifiimis
1362 4269 1699 4343 quibusdam
1734 4269 2035 4341 generibus
2069 4287 2163 4341 pg.
2198 4276 2288 4335 24,
2324 4272 2467 4326 conf.
2500 4276 2582 4334 88,
2619 4278 2700 4339 91,
