3144 5006
465 415 590 480 222
1381 414 1710 471 ΙΛΙΑΔΟ(
1757 416 1820 471 Θ.

802 571 857 634 ῶ
901 569 1103 635 πόποι
1147 569 1485 646 {wod-soz?
1525 569 1929 654 εὐρυςθενές,
1974 571 2128 636 οὐδέ
2171 591 2251 637 νυ
2297 570 2394 636 ςοί
2436 592 2560 650 περ

632 671 1033 753 ὀλλυμένων,
1060 673 1347 737 Δαναῶν
1390 670 1786 751 ὀλοφύρεται
1832 672 1904 738 ἐν
1948 674 2135 753 φρεςὶ
2177 673 2392 755 θυμός.

633 774 698 837 οἳ
743 774 814 838 δέ
856 795 957 838 τοι
1001 773 1091 838 εἰς
1133 772 1376 850 Ἑλίκην
1419 792 1488 835 τε
1534 772 1634 836 καὶ
1679 771 1872 849 Αἰγὰς
1915 774 2068 853 δῶρ’
2112 774 2420 851 ἀνάγουςι

631 875 846 941 πολλά
887 895 956 939 τε
1002 876 1105 939 καὶ
1147 872 1475 953 χαρίεντα·
1523 874 1595 938 ςὺ
1642 875 1713 938 δέ
1758 896 1927 955 ςφιςι
1971 876 2208 956 βούλεο
2252 876 2449 955 νίκην.

465 982 586 1041 205
633 976 692 1041 εἴ
733 996 856 1056 περ
900 975 1024 1055 γάρ
1068 975 1121 1039 κ’
1165 974 1496 1056 ἐθέλοιμεν
1510 1025 1529 1059 ,
1575 974 1715 1040 ὅςοι
1759 977 2119 1043 Δαναοῖςιν
2163 977 2431 1059 ἀρωγοί,

631 1078 857 1157 Τρῶας
902 1076 1266 1141 ἀπώςαςθαι
1311 1078 1415 1141 καὶ
1458 1076 1764 1156 ἐρυκέμεν
1810 1077 2102 1157 εὐρύοπα
2142 1078 2318 1162 Ζῆν’,

630 1179 832 1244 αὐτοῦ
877 1179 932 1243 κ’
975 1177 1109 1244 ἔνθ’
1151 1177 1460 1259 ἀκάχοιτο
1505 1180 1860 1259 καθήμενος
1906 1168 2050 1246 οἷος
2093 1181 2165 1247 ἑν
2208 1181 2354 1265 Ἴδῃ.

796 1281 914 1359 τὴν
958 1282 1029 1345 δὲ
1073 1281 1209 1359 μέγ’
1252 1280 1526 1361 ὀχθήςας
1569 1281 1863 1362 προςέφη
1909 1282 2137 1361 κρείων
2182 1282 2561 1362 ἐνοςίχθων·

627 1383 791 1462 Ἥρη
836 1380 1192 1465 ἀπτοεπές,
1236 1386 1435 1448 ποῖον
1477 1383 1597 1448 τὸν
1641 1386 1845 1463 μῦθον
1889 1383 2116 1450 ἔειπες.

462 1490 587 1547 210
630 1484 749 1549 οὐκ
794 1484 876 1549 ἂν
920 1483 1050 1560 ἐγώ
1093 1484 1154 1560 γ’
1198 1484 1475 1564 ἐθέλοιμι
1521 1485 1634 1549 Διὶ
1681 1485 1993 1564 Κρονίωνι
2039 1487 2338 1573 μάχεςθαι

626 1586 825 1666 ἡμέας
867 1585 1030 1650 τοὺς,
1066 1585 1338 1669 ἄλλους,
1384 1585 1524 1651 ἐπεὶ
1566 1586 1606 1665 ἦ
1651 1587 1822 1651 πολὺ
1867 1588 2183 1667 φέρτερός
2226 1588 2409 1653 ἐςτιν.

805 1686 895 1752 ὣς
941 1688 1007 1752 οἳ
1050 1689 1165 1768 μὲν
1209 1692 1477 1752 τοιαῦτα
1519 1688 1687 1767 πρὸς
1729 1688 2053 1768 ἀλλήλους
2096 1689 2444 1770 ἀγόρευον·

625 1796 761 1855 τῶν
806 1790 882 1862 δ’,
929 1789 1085 1854 ὅςον
1130 1789 1200 1855 ἐκ
1243 1795 1420 1868 νηῶν
1465 1788 1598 1855 ἀπὸ
1642 1789 1896 1869 πύργου
1938 1791 2190 1871 τάφρος
2233 1791 2436 1871 ἔεργε,

626 1895 870 1969 πλῆθεν
916 1891 1092 1972 ὁμῶς
1131 1890 1354 1958 ἵππων
1397 1912 1466 1956 τε
1511 1891 1612 1956 καὶ
1656 1891 1914 1971 ἀνδρῶν
1959 1884 2316 1958 ἀςπιςτάων

460 1999 580 2055 215
626 1993 1008 2074 εἰλομένων·
1052 1991 1206 2057 εἴλει
1252 1993 1322 2057 δὲ
1365 1998 1503 2076 θοῷ
1548 1991 1905 2058 ἀτάλαντος
1948 1994 2129 2074 Ἄρηι

624 2096 869 2174 Ἕκτωρ
912 2094 1293 2176 Πριαμίδης,
1339 2095 1448 2159 ὅτε
1493 2093 1556 2158 οἱ
1599 2093 1765 2158 Ζεὺς
1811 2098 2002 2159 κῦδος
2047 2096 2263 2159 ἔδωκε.
2349 2160 2358 2168 ,

626 2198 726 2263 καί
769 2197 848 2262 νύ
894 2196 948 2259 κ’
991 2195 1337 2273 ἐνέπρηςεν
1380 2196 1535 2275 πυρὶ
1579 2194 1786 2278 κηλέῳ
1830 2196 1988 2272 νῆας
2033 2196 2231 2279 ἑίςας,

626 2298 678 2364 εἰ
722 2300 804 2377 μὴ
851 2296 954 2360 ἐπὶ
997 2297 1184 2376 φρεςὶ
1225 2297 1363 2374 θῆκ’
1406 2296 1823 2376 Ἀγαμέμνονι
1867 2297 2099 2363 πότνια
2139 2298 2305 2378 Ἥρη

624 2399 800 2482 αὐτῷ
843 2388 1288 2463 ποιπνύςαντι
1311 2402 1481 2462 θοῶς
1526 2396 1791 2475 ὀτρῦναι
1835 2397 2154 2478 Ἀχαιούς·

460 2509 585 2564 220
630 2503 705 2583 βῆ
751 2500 809 2563 δ’
851 2498 1013 2565 ἰέναι
1057 2499 1235 2579 παρά
1277 2521 1346 2566 τε
1390 2500 1627 2567 κλιςίας
1672 2500 1774 2565 καὶ
1818 2505 1975 2579 νῆας
2018 2501 2290 2582 Ἀχαιῶν

624 2602 1007 2683 πορφύρεον
1052 2603 1214 2683 μέγα
1257 2605 1468 2684 φᾶρος
1514 2602 1685 2683 ἔχων
1730 2603 1803 2668 ἐν
1843 2604 2009 2684 χειρὶ
2052 2602 2304 2691 παχείῃ,

589 2804 658 2860 v:
696 2825 748 2860 1..
806 2809 900 2858 201
940 2805 988 2858 ὦ
1026 2806 1202 2860 πόποι
1239 2806 1306 2862 Α.
1342 2805 1627 2885 εἰνοςίγαΰ
1661 2807 1726 2861 G.
1764 2808 1846 2863 ςοί
1883 2773 1991 2872 τ’τγεερ
2026 2806 2094 2863 H.
2140 2837 2206 2847 —
2249 2813 2351 2862 203
2386 2807 2441 2861 οἳ
2474 2807 2640 2862 AGL.
2677 2810 2739 2862 δέ

455 2891 520 2928 τε
557 2874 636 2929 εἰς
674 2873 740 2928 G.
777 2873 1041 2939 ἀνάγουςι
1075 2872 1320 2928 ACEGH
1356 2871 1660 2929 Pausanias
1688 2874 1810 2942 VII,
1837 2881 1920 2942 25,
1950 2881 2027 2932 12.
2064 2906 2129 2915 -
2166 2882 2266 2930 205
2304 2892 2364 2930 κε
2400 2876 2661 2944 θέλοιμεν
2686 2875 2738 2928 S.

456 2997 508 3048 κ’
550 2994 825 3061 ἐθέλημεν
871 2993 928 3047 L.
981 3023 1040 3033 —
1087 2998 1188 3047 206
1231 2998 1422 3061 τρῷας
1459 2992 1515 3050 L.
1562 2995 1686 3061 ζῆν’
1717 2993 1807 3047 ΕΙ,
1853 2992 2037 3048 Schol.
2085 2995 2127 3048 Ν
2170 2999 2288 3051 453.
2334 2955 2460 3062 Zf’flvq
2491 2994 2556 3052 G.
2600 2998 2739 3063 ζῆνα

457 3112 566 3167 HS.
604 3116 670 3180 ζῆ
709 3111 868 3166 ACD.
914 3142 975 3151 —
1020 3116 1120 3166 207
1165 3112 1372 3165 αὐτοθε
1410 3111 1486 3164 ν’·
1522 3113 1704 3165 αὐτοῦ
1741 3111 1852 3169 CD.
1887 3071 1963 3165 θ’·
2000 3114 2177 3167 αὐτοῦ
2212 3112 2277 3167 A.
2324 3142 2390 3152 —
2430 3118 2531 3169 208
2566 3115 2739 3183 τήνδε

458 3181 567 3235 GL.
606 3181 886 3248 μοχθήςας
923 3180 976 3234 S.
1009 3210 1079 3219 —
1114 3186 1214 3233 209
1249 3180 1536 3235 ἀπτοεπὲς
1572 3181 1637 3233 A.
1673 3181 1861 3236 ἔειπας
1887 3179 1989 3233 GH
2017 3188 2060 3234 1.
2097 3197 2247 3239 man.
2284 3179 2321 3234 S
2344 3181 2482 3236 Mor.
2508 3181 2737 3237 Barocc.

457 3312 520 3320 —
559 3287 659 3334 210
704 3282 876 3347 ἔγωγ’
917 3279 1074 3334 libri:
1111 3281 1263 3346 ἐγὼν
1308 3251 1533 3334 ἤθη
1582 3282 1809 3350 ἑθέλημι
1843 3282 1902 3336 L.
1946 3312 2012 3321 —
2056 3288 2150 3336 211
2191 3284 2349 3350 ἑπειῆ
2385 3282 2498 3335 AE.
2542 3283 2664 3337 ἐπεὶ
2700 3287 2735 3350 ἢ

457 3348 522 3407 D.
559 3353 706 3403 πολυ
783 3365 988 3417 ρτατος
1025 3347 1132 3401 DS.
1171 3348 1452 3415 φέρτατος
1477 3347 1538 3402 L.
1576 3386 1641 3394 -
1676 3355 1776 3404 212
1811 3352 1891 3405 ὡς
1917 3351 1984 3410 Α.
2021 3350 2075 3405 οἳ
2112 3353 2214 3417 μὲν
2246 3350 2303 3405 O.
2343 3381 2408 3390 —
2443 3357 2543 3404 213
2577 3351 2735 3417 ἔεργε

457 3416 696 3470 ACDEG
757 3415 814 3471 L.
856 3447 913 3456 —
953 3423 1055 3469 214
1090 3420 1338 3484 πλῆςθεν
1374 3415 1431 3474 C.
1469 3447 1534 3456 —
1571 3423 1671 3470 215
1708 3417 2042 3483 εἰλομένων·
2079 3419 2214 3473 εἴλει
2249 3417 2363 3473 EG.
2399 3449 2464 3458 —
2501 3424 2600 3471 216
2636 3419 2737 3471 ὅτέ

454 3487 508 3539 οἱ
544 3484 699 3538 CGL.
738 3485 917 3539 ἔδωκε
950 3482 1168 3538 ACGH.
1205 3515 1270 3522 —
1304 3490 1403 3538 217
1443 3486 1495 3539 κ’
1528 3486 1838 3554 ἐνέπρηςεν
1873 3486 1911 3539 S
1947 3485 2107 3540 Cant.
2150 3487 2302 3540 Harl.
2338 3484 2485 3554 Lips.
2523 3484 2736 3542 Townl.

459 3552 613 3606 Vrat.
649 3552 702 3608 b.
739 3554 1049 3620 ἑνέπρηςεν
1084 3554 1154 3605 ἂν
1185 3551 1245 3605 Ε.
1282 3554 1336 3606 κ’
1371 3553 1514 3607 ἐνέπ
1553 3570 1651 3622 ηςε
1688 3554 1744 3608 C.
1783 3571 1881 3609 κεν
1918 3556 2160 3623 ἔπρηςεν
2192 3553 2354 3606 AHL.
2395 3570 2494 3607 κεν
2528 3555 2735 3621 ἐπρηςε

461 3620 575 3675 DG.
614 3652 676 3660 —
712 3626 813 3674 218
849 3623 941 3675 ἐπι
976 3620 1043 3673 D.
1084 3651 1135 3660 —-
1180 3626 1279 3674 220
1314 3621 1495 3674 omitt.
1517 3570 1582 3678 ἱ.
1617 3652 1678 3661 -
1719 3629 1815 3676 221
1854 3624 2034 3690 φάρος
2070 3621 2242 3675 DGH.

592 3792 658 3844 A.
694 3809 741 3846 ο.
800 3796 917 3857 206,
955 3797 1054 3846 207
1088 3793 1154 3858 ζῆ
1193 3821 1254 3830 -
1291 3791 1367 3845 ν’·
1393 3792 1574 3846 αὐτοῦ
1610 3792 1963 3846 Aristarchus
1999 3793 2059 3845 et
2091 3789 2352 3858 Nicanor,
2390 3790 2535 3849 conf,
2563 3791 2736 3859 Didy-

457 3878 612 3915 mum
650 3862 710 3913 et
743 3859 1120 3913 Aristonicum
1156 3858 1228 3911 ad
1264 3860 1310 3914 Ω
1333 3865 1448 3926 331,
1486 3860 1552 3912 Η.
1589 3859 1657 3916 U.
1688 3866 1800 3915 165.
1833 3860 1955 3927 Ζῆν
1991 3858 2055 3913 G.
2081 3858 2434 3913 Hermannus
2456 3859 2733 3914 Elemenss.

458 3930 632 3983 doctr.
679 3929 842 3982 metr.
889 3931 920 3992 ξ
966 3933 1091 3993 329,
1133 3944 1191 3995 p.
1232 3933 1328 3981 110
1370 3931 1440 3994 (4.
1485 3926 1664 3995 edin).
1706 3956 1767 3967 —
1816 3933 1914 3982 207
1958 3929 2094 3981 ἔνθα
2138 3929 2350 3981 κάθοιτ’
2384 3929 2418 3980 ἀ
2530 3930 2736 3994 ήμενος

457 3996 788 4050 Zenodotus.
835 4025 898 4036 —-
942 4002 1042 4049 209
1078 3995 1362 4050 ἀπτοεπὲς
1407 3995 1785 4049 Aristarchus:
1824 3994 1921 4049 alii
1964 3995 2274 4059 ἀπτοεπὲς,
2318 3994 2460 4048 conf.
2548 3998 2588 4049 t.
2623 3996 2734 4064 Mg.
2776 4004 2783 4013 ‘

461 4073 573 4130 133,
608 4071 690 4118 43.
725 4094 789 4104 -
827 4070 927 4118 213
961 4066 1128 4131 διχῶς
1164 4064 1488 4130 ἀρίςταρχος
1525 4066 1617 4117 καὶ
1651 4065 1814 4131 ἔεργε
1848 4065 1941 4116 καὶ
1974 4065 2136 4131 ἔρυκε
2160 4061 2505 4131 Didymus.
2556 4066 2605 4118 Z
2645 4067 2736 4118 νό-

457 4136 624 4187 δοτος
660 4134 720 4186 δὲ
754 4133 957 4200 γράφει
991 4136 1115 4186 τῶν
1148 4133 1199 4185 δ’
1233 4133 1365 4185 δεον
1399 4134 1460 4185 ἐκ
1494 4136 1654 4197 νηῶν
1689 4133 1803 4186 ἀπὸ
1840 4132 2059 4198 πύργου
2093 4131 2211 4197 τάφ
2282 4147 2310 4186 ς
2333 4133 2529 4199 ἔεργεν
2553 4131 2623 4184 Sc
2664 4131 2737 4184 ol.

457 4202 523 4254 A.
571 4202 660 4252 ὅτι
704 4202 765 4253 ἐν
807 4216 913 4254 τιςι
957 4202 1230 4267 γράφεται
1274 4200 1389 4254 ἀπὸ
1431 4199 1654 4266 τάφρου
1701 4200 1915 4265 πύργος
1960 4201 2156 4266 ἔεργεν
2267 4198 2381 4253 hol.
2416 4200 2483 4251 A.
2528 4230 2596 4239 -
2636 4204 2736 4253 217

461 4270 512 4319 κ’
545 4267 875 4334 ἐνέπρηςεν,
913 4283 1022 4320 non
1069 4283 1168 4320 κεν
1201 4269 1469 4335 ἔπρηςεν,
1513 4266 1868 4320 scribendum
1907 4283 2025 4320 csse
2070 4267 2349 4320 testantur
2384 4269 2429 4320 Θ
2470 4273 2583 4333 182,
2620 4273 2739 4334 235,

461 4336 476 4388 ι
512 4339 630 4397 242,
669 4336 726 4386 Μ
767 4341 879 4400 198,
917 4336 959 4386 Ν
1000 4341 1116 4400 319,
1153 4336 1201 4389 Ξ
1233 4341 1316 4400 47,
1355 4337 1401 4389 o
1437 4340 1556 4399 417,
1591 4340 1707 4399 507,
1744 4340 1861 4398 702,
1898 4335 1939 4387 x
1976 4340 2093 4390 3⁷4.
