3144 5006
1246 420 1582 477 ιΛιΑΔος
1627 398 1720 473 Π.’
2526 416 2608 482 51

496 574 634 660 ὥρῃ
680 574 754 641 ἐν
799 573 1072 658 εἰαρινῇ,
1117 573 1230 640 ὅτε
1272 594 1343 639 τε
1385 573 1632 651 γλάγος
1673 570 1877 650 ἄγγεα
1920 571 2123 650 δεύει,

488 678 702 743 τόςςοι
749 677 855 744 ἐπὶ
896 677 1173 757 Τρώεςςι
1215 676 1378 756 κάρη
1421 676 1787 757 κομόωντες
1829 674 2070 755 Ἀχαιοὶ

494 782 564 846 ἐν
608 779 814 863 πεδἰῳ
831 768 838 777 ’
855 779 1112 845 ἵςταντο
1158 778 1513 859 διαρῤαἳςαι
1558 783 1903 858 μεμαῶτες.
2155 835 2159 838 .

659 882 815 949 τοὺς
858 887 896 947 δ
910 883 948 964 ’,
996 880 1087 945 ὥς
1128 881 1204 945 τ’
1239 879 1502 947 αἰπόλια
1556 880 1791 945 πλατέ’
1833 878 2036 955 αἰγῶν
2081 876 2341 943 αἰπόλοι
2383 876 2614 957 ἄνδρες

328 990 447 1048 475
494 983 637 1064 ῥεῖα
676 985 1114 1068 διακρίνωςιν,
1158 982 1297 1048 ἐπεί
1339 1002 1409 1047 κε
1451 989 1637 1068 νομῷ
1680 981 2005 1063 μιγέωςιν,
2515 982 2516 985 ’
2643 984 2648 989 ”

496 1088 588 1151 ῶς
630 1088 788 1152 τοὺς
827 1086 1140 1166 ἡγεμόνες
1183 1085 1550 1165 διεκόςμεον
1596 1083 1752 1151 ἔνθα
1794 1084 1898 1149 καὶ
1940 1083 2100 1149 ἔνθα

498 1188 762 1269 ύςμίνην
807 1187 875 1253 δ’
918 1187 1112 1272 ἰέναι,
1159 1187 1316 1267 μετὰ
1358 1188 1431 1252 δὲ
1471 1187 1705 1266 κρείων
1748 1185 2191 1267 Ἀγαμέμνων,

498 1290 749 1372 ὄμματα
791 1292 896 1355 καὶ
935 1290 1229 1372 κεφαλὴν
1272 1288 1487 1355 ἴκελος
1530 1289 1643 1354 Διὶ
1684 1289 2198 1373 τερπικεραύνῳ,

496 1394 676 1473 Ἀρεῖ
718 1394 791 1457 δὲ
834 1393 1081 1476 ζώνην,
1126 1392 1395 1470 ςτέρνον
1438 1393 1511 1456 δὲ
1553 1390 1975 1456 Ποςειδάωνι.

333 1501 456 1560 480
499 1496 652 1579 ἠύτε
696 1497 851 1576 βοῦς
894 1493 1170 1574 ἀγέληφι
1214 1493 1333 1574 μέγ
1346 1493 1363 1517 ’
1407 1492 1635 1573 ἔξοχος
1677 1493 1913 1558 ἔπλετο
1961 1492 2227 1558 πάντων

495 1601 764 1676 ταῦρος·
824 1596 864 1661 ὃ
908 1595 1032 1675 γάρ
1073 1615 1145 1661 τε
1189 1596 1392 1677 βόεςςι
1434 1595 1820 1676 μεταπρέπει
1861 1593 2304 1677 ἀγρομένῃςι·.
2354 1578 2363 1593 ’

496 1701 684 1765 τοῖον
727 1697 809 1779 ἄρ
824 1698 842 1722 ’
883 1698 1208 1778 Ἀτρείδην
1251 1700 1403 1776 θῆκε
1445 1696 1612 1763 Ζεὺς
1651 1698 1841 1778 ἤματι
1882 1698 2105 1782 κείνῳ,

501 1800 806 1880 ἐκπρεπέ’
850 1800 922 1865 ἐν
965 1801 1262 1866 πολλοῑςι
1304 1801 1409 1864 καὶ
1448 1798 1684 1879 ἔξοχον
1725 1799 2051 1880 ἡρώεςςιν.

670 1902 892 1968 ἔςπετε
932 1906 1053 1967 νῦν
1098 1923 1205 1982 μοι
1250 1906 1475 1982 μοῦςαι
1518 1902 1837 1983 Ὀλύμπια
1880 1902 2129 1980 δώματ’
2171 1900 2458 1980 ἔχουςαι,

339 2011 458 2069 485
501 2004 677 2085 ὑμεῖς
717 2004 841 2084 γὰρ
886 2005 1026 2069 θεαί
1067 2004 1205 2069 ἑςτε
1217 2055 1236 2087 ,
1269 2003 1553 2083 ,πάρεςτέ
1597 2024 1699 2087 τε,
1741 2003 1874 2069 ἴςτέ
1915 2025 1986 2069 τε
2030 2002 2269 2081 πάντα,

497 2106 678 2186 ἡμεῖς
720 2108 793 2171 δὲ
833 2105 1024 2171 κλέος
1068 2099 1220 2171 οἷον
1262 2105 1587 2188 ἀκούομεν
1630 2105 1786 2170 οὐδέ
1827 2126 1885 2170 τι
1925 2103 2143 2190 ἴδμεν,

502 2206 571 2273 οἵ
609 2228 780 2275 τινες
821 2207 1133 2286 ἡγεμόνες
1173 2209 1466 2275 Δαναῶν
1510 2208 1616 2273 καὶ
1657 2207 1947 2287 κοίρανοι
1989 2207 2167 2287 ἦςαν.

500 2309 750 2389 πληθὺν
794 2310 864 2375 δ’
906 2309 1028 2374 οὐκ
1071 2310 1152 2376 ἂν
1196 2308 1326 2385 ἐγὼ
1372 2311 1725 2391 μυθήςομαι
1767 2308 1919 2374 οὐδ’
1961 2308 2302 2394 ὀνομήνω,

503 2411 655 2477 οὐδ’
697 2410 759 2476 εἴ
798 2432 906 2491 μοι
949 2412 1104 2477 δέκα
1147 2413 1263 2492 μὲν
1306 2413 1614 2491 γλῶςςαι,
1657 2413 1818 2478 δέκα
1855 2413 1928 2476 δὲ
1977 2410 2241 2492 πόματ’
2282 2410 2417 2477 εἶεν
2431 2461 2451 2496 ,

342 2520 464 2581 490
504 2516 696 2597 φωνὴ
745 2516 813 2579 δ’
855 2513 1205 2599 ἄρρηκτος,
1249 2516 1526 2595 χάλκεον
1570 2515 1644 2580 δέ
1687 2535 1794 2595 μοι
1837 2514 1997 2594 ἦτορ
2042 2514 2246 2595 ἐνείη,

505 2617 560 2681 εἰ
604 2617 686 2698 μὴ
732 2616 1154 2696 Ὀλυμπιάδες
1194 2622 1454 2702 μοῦςαι,
1497 2617 1665 2683 Διὸς
1708 2617 2025 2697 αἰγιόχοιο

504 2717 878 2798 θυγατέρες,
924 2719 1259 2800 μνηςαίαθ’
1301 2719 1442 2785 ὅςοι
1486 2719 1856 2805 ὑπὸ-Ἴλιον
1896 2716 2120 2797 ἦλθον.

505 2819 750 2899 ἀρχοὺς
794 2818 875 2884 αὖ
916 2824 1098 2900 νηῶν
1140 2821 1305 2902 ἐρέω
1347 2821 1510 2902 νῆάς
1548 2840 1621 2886 τε
1664 2820 2019 2903 προπάςας.

677 2922 981 2988 Βοιωτῶν
1024 2925 1140 3002 μὲν
1181 2922 1531 3002 Πηνέλεως
1575 2923 1677 2988 καὶ
1718 2923 1948 3001 Λήιτος
1990 2919 2195 3003 ἦρχον

473 3159 542 3214 V.
584 3178 637 3216 ι..
688 3164 787 3213 471
826 3159 1043 3228 εἰαρινῇ
1086 3175 1152 3225 γε
1197 3160 1295 3214 ὅτε
1342 3161 1550 3226 γλάγος
1587 3158 1654 3213 G.
1699 3174 1763 3212 τε
1812 3157 1995 3236 qmitt.
2030 3157 2097 3216 Η.
2133 3159 2269 3226 δεύη
2304 3155 2366 3210 L.
2414 3186 2481 3197 —
2523 3163 2624 3212 472

346 3229 434 3284 ἐπι
466 3232 532 3285 A.
577 3230 812 3297 τρῴεςςι
847 3224 959 3280 GL.
1010 3227 1152 3295 κάρη
1188 3229 1517 3295 κομόωντες
1552 3230 1629 3280 A:
1677 3227 1853 3280 oeten
1897 3228 2385 3347 καβηκομόωιςτες.
2422 3254 2490 3267 -
2524 3232 2625 3281 476

347 3297 709 3364 διακρίνουςιν
744 3293 793 3348 G
827 3294 1055 3348 Bal-occ.
1091 3296 1474 3363 διακρινέωςιν
1509 3293 1567 3347 L.
1604 3324 1672 3334 —
1702 3299 1803 3348 476
1840 3294 1918 3350 ὡς
2007 3334 2021 3347 .
2057 3311 2191 3350 τους
2226 3312 2263 3360 γ
2316 3292 2382 3350 G.
2420 3323 2488 3334 —
2521 3300 2624 3351 478

350 3367 563 3434 κεφαλῇ
601 3362 785 3416 Schol.
815 3365 848 3417 Γ
886 3367 1001 3416 168.
1042 3363 1230 3418 ἴκελος
1268 3361 1389 3417 GH.
1434 3365 1653 3418 εἴκελος
1685 3360 1729 3415 L
1764 3360 1948 3416 Schol.
1989 3364 2022 3417 Γ
2059 3367 2172 3418 168.
2224 3393 2286 3402 -
2334 3368 2433 3416 479
2469 3364 2624 3432 Ἄρει

346 3429 2228 3568 {01213355}‚¹÷2;.⁴.⁸225*3233¹H{5³&222335131303433552330
2269 3430 2382 3553 1⁰13:
2400 3436 2623 3555 3⁸1³,ssss

348 3648 409 3658 —
442 3623 540 3673 482
574 3623 738 3672 τοῖον
770 3620 823 3672 δ’
843 3616 914 3670 Η.
949 3617 1019 3685 ἂρ
1052 3615 1169 3671 AG.
1282 3634 1382 3672 κεν
1405 3615 1527 3696 GR.
1554 3647 1617 3656 —
1636 3623 1745 3697 ,483
1778 3576 2052 3687 Ξῗιπρεπέ
2083 3616 2135 3671 S.
2172 3619 2443 3695 εὐπρεπὲ’
2465 3617 2625 3674 Cant.

348 3688 576 3753 ήρώεςςι
610 3684 672 3740 C.
723 3715 793 3724 —
843 3690 947 3740 484
982 3687 1182 3742 ἕςπετε
1276 3726 1288 3738 .
1332 3686 1590 3754 εοᾳαιδιιι·
1630 3703 1692 3740 m
1727 3684 1779 3739 Η
1825 3704 1877 3740 v.
1922 3692 2043 3751 487,
2091 3703 2190 3756 qm
2234 3701 2334 3740 suo
2377 3687 2503 3741 loco
2540 3688 2627 3741 eet

349 3753 589 3809 ominus'.
624 3783 693 3793 —·
724 3759 830 3808 485
860 3756 987 3808 θεαὶ
1022 3754 1166 3820 ἑςτὲ,
1202 3754 1284 3808 πά
1322 3770 1444 3808 εςτε
1481 3756 1574 3808 καὶ
1607 3754 1726 3810 ἵςτε
1764 3755 1953 3810 πάντα
1988 3753 2055 3808 G.
2091 3789 2158 3800 —
2203 3759 2303 3809 487
2341 3753 2527 3808 omitt.
2563 3753 2623 3808 C.

351 3851 409 3863 -
441 3828 541 3878 489
576 3824 725 3876 εἴενε
761 3822 867 3888 ἦεν
902 3820 1084 3875 Cram.
1119 3822 1226 3876 An.
1311 3837 1364 3874 x.
1402 3820 1501 3888 IV,
1536 3812 1654 3887 318',
1694 3828 1738 3876 1.
1777 3852 1842 3863 --
1871 3828 1976 3878 490
2009 3824 2180 3890 φωνή
2216 3825 2271 3875 τ’
2303 3820 2484 3876 Bekk.
2518 3823 2625 3875 An.

348 3896 457 3956 771,
489 3897 571 3944 21.
608 3919 669 3930 -—
709 3895 979 3945 494-877
1016 3888 1198 3942 omitt.
1232 3887 1282 3941 D
1319 3888 1534 3944 Townl.
1607 3893 1608 3896 ’

356 4025 435 4030 --.-
454 4024 507 4031 -.—
530 4020 747 4029 μω

478 4095 541 4147 A.
576 4112 626 4148 c.
676 4097 780 4147 484
818 4095 1098 4161 Ὀλύμπια
1133 4094 1351 4158 δώματ’
1386 4095 1638 4159 ἔχοντεςε
1680 4093 2050 4159 Ὀλυμπίαδες
2087 4094 2430 4160 βαθύκολποι
2453 4090 2624 4149 Zeno-

356 4160 525 4228 dotnn,
559 4161 707 4217 conf.
742 4160 902 4215 Euat.
939 4167 1057 4228 260,
1096 4169 1161 4216 27
1199 4162 1259 4215 et
1281 4167 1373 4217 46.
1412 4161 1597 4217 SchoL
1632 4161 1683 4216 V
1720 4161 1862 4217 adi
1898 4168 2014 4216 339.
2050 4162 2291 4215 Ariston.
2329 4160 2402 4215 ad
2436 4163 2481 4217 Ω
2504 4167 2622 4217 215.

358 4260 414 4271 -
444 4235 542 4286 489
576 4233 614 4298 ή
650 4231 916 4298 ἀναφορὰ
948 4231 1097 4297 πρὸς
1126 4231 1265 4284 τὀὺς
1299 4232 1757 4298 περι-γράφοντας
1791 4231 2032 4284 τούτους
2067 4230 2203 4284 τοὺς
2246 4230 2466 4296 ςτίχους
2503 4231 2627 4298 (484

357 4303 510 4353 —493
519 4302 588 4367 ⁴2).
624 4298 698 4353 de
734 4313 875 4352 voce
911 4299 1279 4365 περιγράφειν
1312 4298 1444 4352 vide
1470 4297 1675 4352 Seholl.
1710 4316 1747 4364 γ
1779 4303 1897 4365 245,
1921 4304 2040 4366 400,
2076 4301 2107 4352 λ
2133 4303 2248 4353 525.
2283 4297 2436 4352 Eunt.
2476 4304 2624 4367 1480,

357 4370 417 4419 24
449 4368 797 4435 περιγράφει,
834 4370 1014 4435 ἤγουν
1048 4367 1256 4435 ἀθετεῖ,
1292 4366 1565 4433 ἐκβάλλει.
1607 4413 1614 4420 .

2140 4452 2220 4507 4*
