3144 5006
499 351 611 416 ·64
1439 353 1770 409 ιΛιΑΔος
1815 352 1879 407 Β.

531 510 655 571 740
696 512 831 571 τῶν
875 505 1030 571 αὖθ’
1069 506 1422 586 ἡγεμόνευε
1462 505 1932 586 μενεπτόλεμος
1975 506 2423 592 Πολυποίτης,

698 607 837 674 υἱὸς
877 608 1281 688 Πειριθόοιο,
1326 608 1444 674 τὸν
1489 607 1811 673 ἀθάνατος
1853 609 2073 674 τέκετο
2117 608 2312 676 Ζεύς·

695 711 812 775 τόν
859 710 927 791 ῥ’
968 710 1098 776 ὑπὸ
1142 710 1462 793 Πειριθόῳ
1505 709 1726 775 τέκετο
1772 711 2003 776 κλυτὸς
2047 710 2454 791 Ἱπποδάμεια

695 812 882 893 ἤματι
925 817 1048 898 τῷ,
1093 811 1203 878 ὅτε
1248 817 1459 893 φῆρας
1503 811 1751 877 ἐτίςατο
1797 812 2230 898 λαχνήεντας,

694 915 851 980 τοὺς
894 914 961 979 δ’
1004 913 1073 979 ἐκ
1114 914 1366 993 Πηλίου
1411 914 1536 979 ὧςε
1580 914 1682 979 καὶ
1723 913 2025 980 Αἰθίκεςςι
2069 915 2396 982 πέλαςςεν.

528 1020 649 1079 745
696 1016 816 1081 οὐκ
859 1014 1034 1097 οἷος,
1082 1015 1213 1094 ἅμα
1252 1022 1344 1101 τῷ
1387 1036 1462 1094 γε
1506 1015 1852 1100 Λεοντεύς,
1908 1016 2061 1084 ὄζος
2102 1017 2368 1102 Ἄρηος,

695 1118 832 1183 υἱὸς
875 1117 1269 1196 ὑπερθύμοιο
1317 1116 1630 1198 Κορώνου
1677 1118 2010 1184 Καινεΐδαο
2028 1139 2043 1153 ·

690 1222 830 1285 τοῖς
873 1219 942 1284 δ’
984 1218 1113 1297 ἅμα
1153 1219 1622 1298 τεςςαράκοντα
1663 1221 1952 1301 μέλαιναι
2000 1223 2147 1299 νῆες
2191 1221 2447 1287 ἕποντο.

784 1332 791 1339 ·
864 1321 1139 1387 Γουνεὺς
1181 1321 1248 1387 δ’
1292 1321 1362 1386 ἐκ
1408 1321 1632 1404 Κύφου
1673 1320 1791 1401 ἦγε
1835 1322 1970 1387 δύω
2014 1325 2116 1387 καὶ
2159 1322 2354 1388 εἴκοςι
2398 1326 2584 1401 νῆας·

689 1427 784 1508 τῷ
829 1423 896 1488 δ’
938 1423 1218 1502 Ἐνιῆνες
1260 1423 1503 1490 ἕποντο
1547 1424 2008 1504 μενεπτόλεμοί
2047 1443 2116 1489 τε
2160 1423 2499 1507 Περαιβοί,

524 1532 649 1591 750
691 1527 758 1591 οἳ
801 1527 948 1607 περὶ
989 1526 1333 1605 Δωδώνην
1377 1526 1791 1607 δυςχείμερον
1836 1524 1986 1590 οἰκί’
2028 1525 2285 1604 ἔθεντο,
2351 1515 2358 1522 ’

693 1628 758 1693 οἵ
799 1628 881 1694 τ*
912 1627 1085 1710 ἀμφ’
1124 1627 1384 1710 ἱμερτὸν
1427 1627 1803 1707 Τιταρήςιον
1848 1628 2008 1707 ἔργα
2049 1629 2355 1712 νέμοντο,

691 1729 768 1797 ὅς
812 1730 882 1811 ῥ’
923 1730 989 1795 ἐς
1032 1730 1317 1811 Πηνειὸν
1360 1730 1574 1810 προῖει
1618 1722 2007 1810 καλλίρροον
2053 1730 2260 1815 ὕδωρ,

693 1831 843 1898 οὐδ’
887 1832 926 1898 ὅ
969 1845 1044 1910 γε
1086 1833 1347 1918 Πηνειῷ
1394 1832 1789 1913 ςυμμίςγεται
1834 1831 2260 1917 ἀργυροδίνῃ,

691 1933 858 1998 ἀλλά
900 1935 972 1999 τέ
1014 1955 1119 2015 μιν
1164 1935 1561 2014 καθύπερθεν
1603 1932 1879 2015 ἐπιῤῥέει
1923 1934 2071 2014 ἠύτ’
2112 1934 2366 2000 ἔλαιον·

525 2042 647 2101 755
693 2035 894 2116 ὅρκου
936 2036 1060 2117 γὰρ
1104 2039 1325 2104 δεινοῦ
1371 2035 1611 2113 (τυγός
1653 2036 1885 2102 ὕδατός
1930 2036 2094 2102 ἐςτιν
2139 2034 2467 2116 ἀπορρώξ.

862 2138 1229 2219 Μαγνήτων
1272 2137 1341 2202 δ’
1382 2136 1541 2218 ἦρχε
1583 2137 1919 2220 Πρόθοος,
1965 2137 2409 2218 Τενθρηδόνος
2452 2136 2620 2214 υἱός,

692 2241 758 2305 οἳ
800 2241 944 2321 περὶ
984 2240 1270 2320 Πηνειὸν
1315 2239 1417 2305 καὶ
1459 2240 1710 2319 Πήλιον
1753 2238 2206 2320 εἰνοςίφυλλον

688 2343 1013 2417 ναίεςκονζ
1054 2348 1188 2408 τῶν
1232 2343 1347 2422 μὲν
1389 2341 1695 2422 Πρόθοος
1737 2341 1894 2408 θοὸς
1934 2341 2283 2421 ἡγεμόνευε
2300 2391 2315 2419 ,

689 2452 783 2530 τῷ
828 2444 895 2511 δ’
937 2444 1066 2525 ἅμα
1106 2443 1572 2524 τεςςαράκοντα
1615 2444 1903 2526 μέλαιναι
1947 2446 2098 2523 νῆες
2140 2446 2401 2511 ἕποντο.

524 2556 559 2613 7
567 2555 649 2613 60
860 2546 1045 2614 οὗτοι
1086 2546 1200 2628 ἄρ’
1239 2539 1553 2627 ἡγεμόνες
1593 2548 1883 2614 Δαναῶν
1928 2548 2029 2612 καὶ
2070 2548 2359 2628 κοίρανοι
2401 2546 2580 2627 ἦςαν.

688 2650 780 2714 τίς
825 2650 891 2715 τ’
935 2650 1016 2730 ἂρ
1058 2654 1192 2718 τῶν
1236 2649 1348 2730 ὄχ’
1390 2648 1647 2728 ἄριςτος
1691 2649 1836 2731 ἔην,
1882 2649 1953 2715 ςύ
1998 2669 2107 2729 μοι
2148 2649 2382 2716 ἔννεπε
2425 2652 2660 2733 μοῦςα,

691 2751 906 2818 αὐτῶν
931 2752 1057 2831 ἠδ’
1100 2751 1353 2829 ἵππων,
1400 2751 1467 2817 οἳ
1508 2750 1623 2832 ἅμ’
1669 2750 2047 2835 Ἀτρείδῃςιν
2092 2751 2351 2818 ἕποντο.

854 2854 1047 2920 ἵπποι
1088 2856 1203 2935 μὲν
1249 2852 1395 2932 μέγ’
1437 2852 1681 2933 ἄριςται
1724 2852 1876 2919 ἔςαν
1922 2853 2361 2936 Φηρητιάδαο,

689 2958 803 3024 τὰς
846 2957 1134 3039 Εὔμηλος
1175 2954 1408 3021 ἔλαυνε
1451 2956 1789 3021 ποδώκεας
1831 2954 2094 3035 ὄρνιθας
2139 2954 2260 3032 ὥς,

524 3067 643 3125 765
690 3061 979 3144 ὄτριχας,
1023 3059 1301 3142 οἰέτεας,
1345 3058 1635 3142 ςταφύλῃ
1680 3058 1785 3123 ἐπὶ
1827 3061 2046 3123 νῶτον
2089 3056 2287 3122 ἐίςας·

662 3280 724 3335 V.
766 3299 816 3334 1..
870 3284 971 3333 740
1004 3282 1129 3332 τῶν
1162 3279 1212 3332 δ’
1248 3277 1303 3336 S.
1338 3278 1491 3332 αῦθέ
1528 3277 1602 3331 αὖ
1638 3277 1705 3330 G.
1745 3306 1806 3316 —
1844 3282 1944 3330 742
1981 3278 2095 3331 ὑπο
2131 3276 2197 3334 A.
2235 3306 2300 3316 —
2337 3281 2437 3331 746
2471 3277 2799 3347 ὑπερθύμου

521 3348 585 3403 G.
629 3379 685 3389 —-
725 3353 822 3403 747
869 3349 1010 3413 dua:
1046 3347 1154 3414 ἄρα
1190 3345 1348 3400 Vrat.
1385 3361 1431 3399 c.
1475 3346 1884 3413 τεςςεράκοντα
1918 3344 1984 3398 A.
2028 3350 2162 3412 νῆες
2197 3346 2410 3400 ἕποντο
2446 3348 2697 3412 μέλαιναι
2734 3345 2799 3401 G.

517 3446 588 3460 —
623 3421 723 3471 '148
757 3414 1142 3471 δυωκαιείκοςι
1177 3415 1243 3467 A.
1279 3415 1382 3469 δύο
1414 3412 1477 3467 Ε.
1505 3443 1568 3452 -
1597 3419 1696 3468 750
1730 3412 1911 3466 omitt.
1945 3411 2014 3466 H.
2039 3442 2105 3452 —
2130 3419 2228 3467 751
2264 3415 2401 3481 ἔργα
2435 3415 2709 3481 ἐνέμοντο
2732 3413 2799 3483 Ε,

520 3484 698 3541 ceteri
732 3485 853 3553 ἔργ’
884 3485 1176 3550 ἐνέμοντο.
1214 3513 1282 3521 -
1318 3487 1417 3536 752
1454 3484 1757 3550 καλλῑροον
1793 3479 1852 3535 C.
1886 3510 1953 3521 —
1989 3485 2089 3536 754
2122 3497 2186 3535 τε
2222 3480 2291 3535 A.
2329 3512 2393 3522 —
2431 3488 2529 3536 756
2563 3488 2797 3552 τερθρη-

520 3589 687 3643 osvo(
724 3585 777 3640 s,
813 3561 1195 3655 τὲθορηδόνοε
1228 3584 1287 3637 1..
1324 3614 1388 3624 -
1425 3588 1523 3638 758
1557 3585 1868 3651 ἡγεμόνευε
1903 3580 2198 3637 ΑοΕοΗΙ,
2242 3581 2407 3637 Rhet.
2443 3581 2540 3638 Gr.
2574 3584 2644 3652 11,
2681 3590 2797 3652 336,
2915 3625 2918 3626 γ

519 3698 602 3747 28.
640 3720 707 3730 -
732 3696 832 3744 759
865 3689 1272 3757 τεςςεράκοντα
1308 3688 1372 3739 A.
1406 3716 1473 3725 —-
1498 3691 1598 3740 760
1630 3687 1700 3753 ἂρ
1735 3683 1952 3739 AGHL.
1998 3662 2132 3740 ἔὲαν
2169 3683 2228 3740 C.
2266 3715 2334 3724 —
2359 3690 2452 3739 761
2490 3687 2576 3742 τίς
2611 3689 2668 3740 τ’
2701 3688 2797 3808 fig:

518 3761 606 3816 τίς
637 3775 746 3827 ταρ
780 3758 847 3812 A.
890 3758 976 3812 τίς
1010 3757 1118 3824 γὰρ
1154 3755 1191 3809 S
1228 3753 1385 3807 Vrat.
1420 3754 1474 3808 b.
1522 3784 1586 3793 ——
1633 3759 1732 3808 762
1778 3754 2110 3821 ἀτρείδαιςιν
2148 3751 2213 3811 G.
2268 3782 2331 3793 -
2380 3759 2479 3809 763
2513 3757 2656 3821 ῆςαν
2692 3754 2733 3809 C
2784 3799 2797 3812 .

519 3858 586 3869 —
623 3833 722 3883 765
757 3827 999 3882 οίέτεαςε
1036 3825 1249 3880 ίςετέας
1284 3822 1344 3878 L.

653 4034 722 4088 A.
757 4051 804 4087 c.
858 4038 956 4088 ‘141
992 4031 1298 4086 dodvoerocz
1333 4028 1620 4082 ἀθάνατον
1655 4025 1989 4082 Zenodotus.
2026 4055 2091 4067 -
2128 4034 2226 4084 744
2262 4028 2557 4086 Αίθίκεςςιε
2594 4028 2797 4085 Demo—

520 4103 703 4156 crines
747 4101 1078 4158 Αίθιόπεςςι.
1125 4129 1189 4139 —-
1235 4102 1333 4153 751
1379 4099 1516 4164 ἔργα
1559 4098 1798 4164 νέμοντο
1844 4094 2221 4163 Aristarchus,
2275 4097 2420 4155 conf.
2465 4097 2647 4152 Oram.
2690 4100 2794 4155 An.

518 4169 646 4223 Par.
690 4168 797 4234 111,
841 4174 965 4234 280,
1004 4176 1088 4224 34.
1130 4197 1201 4211 —-
1244 4170 1342 4221 755
1384 4164 1736 4218 Aristarchus
1777 4161 2069 4231 ᾰποῤῥώξε
2115 4165 2213 4219 alii
2256 4166 2543 4234 ἀπόῤῥωξ.
2588 4197 2653 4208 --
2700 4172 2799 4222 756

519 4237 874 4290 Aristarchus
908 4239 1073 4305 ἦρχε,
1110 4253 1221 4289 non
1258 4236 1450 4301 ἦρχεν.
1498 4262 1561 4271 -
1608 4238 1708 4286 765
1750 4232 2007 4300 ςταφύλῃ
2054 4232 2411 4286 Ptolemaeus
2457 4234 2799 4301 Ascalonita,

520 4320 633 4357 non
668 4307 926 4374 ςταφυλῇ
963 4306 1108 4359 conf.
1146 4304 1296 4357 Eust.
1332 4308 1447 4363 341,
1485 4307 1566 4355 30.
1604 4300 1862 4358 Ammon.
1897 4298 1968 4352 de
2006 4300 2133 4354 Diff.
2170 4319 2210 4354 s.
2251 4319 2301 4355 v.
2340 4304 2653 4370 ςταφυλήν.
