3144 5006
504 419 627 484 132
1408 418 1742 473 ιΛιΑΔος
1799 420 1874 474 Π.

671 571 893 637 αὐτίκα
936 573 993 636 δ’
1036 573 1105 637 ἐκ
1150 573 1390 654 βελέων
1436 572 1822 653 (αρπηδόνα
1865 576 2007 639 δῖον
2055 573 2308 655 ἀείρας,

671 674 924 740 πολλὸν
971 673 1101 739 ἀπὸ
1145 677 1275 755 πρὸ
1320 676 1581 759 φέρων,
1628 677 1857 741 λούςεν
1902 677 2223 756 ποταμοῖο
2270 673 2451 757 ῥοῇςι

504 781 630 840 680
671 777 888 856 χρῖςέν
932 777 987 841 τ’
1031 775 1369 862 ἀμβροςίῃ,
1414 778 1561 857 περὶ
1607 778 1666 843 δ’
1708 775 1995 858 ἄμβροτα
2040 774 2263 857 εἵματα
2307 775 2477 840 ἕςςε·

671 879 882 959 πέμπε
927 880 998 945 δέ
1043 900 1146 959 μιν
1191 882 1538 960 πομποῖςιν
1584 879 1713 961 ἅμα
1755 881 2110 959 κραιπνοῖςι
2153 878 2487 960 φέρεςθαι,

670 980 858 1064 ὕπνῳ
904 982 1004 1046 καὶ
1048 982 1306 1065 θανάτῳ
1352 981 1754 1067 διδυμάοςιν,
1799 981 1864 1046 οἵ
1908 980 1990 1061 ῥά
2034 1002 2136 1062 μιν
2184 979 2320 1046 ὦκα

672 1083 980 1149 κάτθεςαν
1025 1082 1096 1149 ἐν
1140 1083 1365 1164 Λυκίης
1410 1082 1659 1164 εὐρείης
1702 1083 1878 1149 πίονι
1922 1084 2121 1166 δήμῳ,

851 1184 1232 1264 Πάτροκλος
1277 1186 1334 1250 δ’
1375 1184 1621 1252 ἵπποιςι
1665 1185 1766 1252 καὶ
1809 1184 2235 1266 Αὐτομέδοντι
2281 1182 2578 1278 κελεύςας

506 1291 626 1350 685
673 1286 897 1366 Τρῶας
941 1288 1044 1352 καὶ
1087 1287 1355 1354 Λυκίους
1400 1288 1751 1369 μετεκίαθε,
1799 1289 1901 1353 καὶ
1945 1288 2080 1369 μέγ’
2124 1286 2358 1369 ἀάςθη,

670 1388 932 1468 νήπιος·
980 1387 1035 1453 εἰ
1080 1390 1151 1454 δὲ
1197 1388 1355 1457 ἔπος
1398 1390 1778 1470 Πηληϊάδαο
1824 1390 2144 1471 φύλαξεν,

673 1490 713 1569 ἦ
755 1489 813 1554 τ’
857 1489 937 1556 ἂν
983 1490 1313 1572 ὑπέκφυγε
1358 1496 1520 1572 κῆρα
1563 1494 1762 1572 κακὴν
1809 1492 2084 1572 μέλανος
2129 1491 2453 1557 θανάτοιο.

680 1590 821 1656 ἀλλ’
863 1590 984 1657 αἰεί
1026 1612 1096 1657 τε
1141 1593 1305 1659 Διός
1348 1595 1650 1673 κρείςςων
1695 1594 1851 1661 νόος
1896 1592 1971 1672 ἠέ
2016 1613 2137 1672 περ
2182 1592 2473 1671 ἀνδρῶν·

679 1690 776 1778 [ὅς
819 1713 890 1758 τε
933 1695 1037 1759 καὶ
1080 1694 1349 1776 ἄλκιμον
1395 1694 1601 1776 ἄνδρα
1644 1699 1839 1778 φοβεῖ
1882 1697 1984 1761 καὶ
2027 1695 2329 1776 ἀφείλετο
2374 1692 2554 1772 νίκην

511 1800 637 1857 690
681 1794 962 1874 ῥηιδίως,
1010 1795 1119 1862 ὅτε
1165 1798 1222 1862 δ’
1266 1798 1460 1865 αὐτὸς
1503 1798 1888 1883 ἐποτρύνῃςι
1935 1796 2288 1879 μάχεςθαι·]

673 1895 747 1962 ὅς
792 1896 856 1961 οἱ
900 1899 999 1963 καὶ
1041 1898 1188 1964 τότε
1233 1900 1434 1979 θυμὸν
1479 1900 1577 1967 ἐνὶ
1622 1901 1938 1980 ςτήθεςςιν
1986 1899 2245 1978 ἀνῆκεν.

850 1997 1007 2065 ἔνθα
1047 1999 1192 2066 τίνα
1233 2008 1530 2081 πρῶτον,
1577 2000 1719 2069 τίνα
1762 2001 1820 2067 δ’
1862 2001 2132 2067 ὕςτατον
2177 1998 2534 2078 ἐξενάριξας

672 2100 1091 2180 Πατρόκλεις,
1139 2101 1250 2168 ὅτε
1293 2104 1371 2183 δή
1416 2123 1482 2169 ςε
1527 2104 1663 2169 θεοὶ
1707 2105 1988 2169 θάνατον
2033 2103 2104 2167 δὲ
2148 2102 2484 2171 κάλεςςαν;

848 2203 1199 2283 Ἀδρηςτον
1242 2206 1358 2285 μὲν
1402 2208 1631 2284 πρῶτα
1676 2206 1775 2271 καὶ
1816 2205 2151 2271 Αὐτόνοον
2197 2205 2299 2269 καὶ
2341 2203 2646 2282 Ἔχεκλον

506 2308 629 2368 695
674 2303 778 2368 καὶ
818 2304 1105 2385 Πέριμον
1153 2306 1457 2385 Μεγάδην
1503 2307 1606 2372 καὶ
1651 2306 1979 2387 Ἐπίςτορα
2023 2307 2125 2372 καὶ
2171 2305 2630 2380 Μελάνιππον,

680 2405 884 2484 αὐτὰρ
929 2405 1126 2472 ἔπειτ’
1168 2408 1440 2474 Ἔλαςον
1486 2408 1587 2474 καὶ
1634 2409 1929 2475 Μούλιον
1975 2407 2087 2486 ἠδὲ
2131 2407 2505 2487 Πυλάρτην·

672 2508 828 2573 τούς
872 2508 1052 2575 ἕλεν·
1099 2509 1162 2575 οἱ
1207 2510 1264 2575 δ’
1307 2509 1493 2576 ἄλλοι
1538 2510 1791 2592 φύγαδε
1835 2511 2136 2593 μνώοντο
2182 2510 2458 2575 ἕκαςτος.

639 2693 707 2748 V.
745 2711 793 2746 ι..
865 2699 966 2749 679
1009 2696 1124 2750 ἀπὸ
1170 2714 1213 2751 π
1331 2698 1481 2764 έρων
1522 2696 1645 2751 AH.
1691 2698 1805 2751 ἄπο
1850 2698 2162 2765 προφέρων
2206 2694 2313 2750 GS.
2364 2695 2522 2750 ἀποπ
2594 2694 2792 2761 φέρων

506 2761 598 2814 CD
626 2760 748 2829 Syr.
786 2763 1041 2831 ἀποπρὸ,
1078 2713 1360 2832 φέραῗεῖ.
1400 2765 1561 2833 ῥοῇςι
1597 2763 1794 2819 ACGH
1818 2764 1941 2833 Syr.
1970 2794 2031 2804 —
2070 2770 2169 2819 680
2206 2763 2391 2832 χρίςέν
2423 2711 2792 2829 τἸξῨχρίςεν

503 2899 560 2951 τ’
595 2897 660 2951 G.
699 2898 1030 2953 ΧΡΕΙΕΕΝΤ
1067 2897 1190 2967 Syr.
1238 2902 1422 2967 χρῑςέν
1464 2847 1520 2955 ξ’
1554 2900 1622 2955 A.
1669 2907 1856 2969 χρῑςεν
1880 2901 1931 2955 δ’
1967 2899 2058 2955 HS
2095 2898 2255 2955 Cant.
2295 2898 2511 2955 Townl.
2535 2896 2695 2951 Vrat„
2731 2898 2786 2951 d.

505 2966 692 3032 χρίςεν
727 2968 779 3018 δ’
812 2965 961 3035 Lipe.
999 2965 1149 3023 Flor.
1185 2973 1317 3034 περὶ·
1353 2966 1462 3026 CD.
1499 2986 1571 3023 πε
1608 2975 1629 3023 ἰ·
1663 2972 1719 3021 τ’
1751 2968 1822 3022 Η.
1861 2969 2044 3034 εἵματ’
2080 2970 2198 3024 ἔςςε
2235 2967 2301 3022 D.
2340 2969 2458 3021 ἕςςε
2496 2966 2632 3021 ACL
2667 2966 2789 3034 Syr.

506 3064 571 3071 -
598 3039 693 3089 681
729 3040 1014 3102 κρεπνοῖςι
1037 3034 1103 3090 D.
1139 3064 1201 3073 -
1238 3041 1337 3090 682
1363 3037 1543 3094 omitt.
1614 3037 1716 3104 ipe.
1757 3039 2036 3103 διδυμάοςι
2069 3036 2159 3091 τοί
2193 3034 2288 3089 HL
2317 3034 2472 3088 Vrat.
2497 3035 2553 3088 d.
2592 3063 2658 3073 —-·
2691 3040 2792 3087 685

505 3108 693 3170 τρῷας
714 3101 773 3155 L.
804 3102 1125 3167 μετεκείαθε
1145 3102 1214 3161 Η.
1235 3135 1297 3143 --
1316 3109 1416 3158 686
1441 3106 1769 3173 πηληῑάδεω
1789 3103 1945 3162 DHS.
1972 3104 2301 3173 πηληί·άδεω
2321 3104 2602 3169 ἐφύλαξεν
2638 3100 2791 3155 Harl.

554 3173 723 3225 ύλαξε
749 3168 816 3222 D.
841 3200 905 3209 —
932 3175 1030 3225 687
1067 3171 1167 3226 ὐπ’
1189 3173 1402 3239 ἔκφυγε
1426 3171 1492 3225 D.
1532 3203 1597 3213 -
1634 3177 1734 3226 688
1769 3173 1934 3228 ΑΙΕΙΓ
1937 3173 1974 3227 Ε
2001 3172 2119 3240 Syr.
2157 3172 2266 3226 αἰεί
2290 3187 2352 3236 γε
2382 3169 2607 3226 Barocc.
2649 3169 2788 3223 Mor.

540 3237 721 3291 'ownL
758 3240 792 3302 ἢ
839 3238 977 3305 ἔπερ
1021 3242 1083 3296 Α.
1130 3240 1332 3306 ἀνδρός
1376 3238 1480 3292 AH
1516 3238 1639 3308 Syr.
1687 3238 1840 3309 Lips.
1879 3239 2031 3297 Harl.
2066 3239 2295 3306 ¹Town1.
2332 3237 2492 3291 Vrat.
2543 3239 2594 3295 b.
2632 3236 2685 3289 d.
2730 3240 2790 3294 A.

506 3307 710 3372 ἀνδρὸς
747 3308 780 3368 ἢ
819 3305 1044 3373 ἀνδρῶν
1080 3306 1139 3361 Ε.
1176 3324 1260 3375 γρ.
1297 3309 1525 3375 ἀνδρῶν
1571 3309 1636 3362 A.
1681 3339 1746 3347 -—
1791 3314 1907 3372 689,
1944 3314 2044 3362 690
2080 3306 2262 3363 omitt.
2300 3305 2399 3359 AD
2437 3304 2558 3373 Syr.
2608 3305 2791 3359 ίςτέον

507 3375 568 3428 δὲ
607 3376 694 3426 ὅτι
730 3373 792 3426 ἔν
825 3388 931 3428 τιςι
966 3377 1088 3429 τῶν
1124 3376 1496 3443 ἀντιγράφων
1534 3378 1674 3441 μετὰ
1708 3376 1778 3428 τὸ
1814 3375 2123 3444 ..κρείςςων
2160 3376 2290 3429 νόος
2328 3374 2465 3441 ἠὲπε
2527 3375 2792 3441 ἀνδρῶν’(

506 3443 576 3495 οὐ
613 3446 824 3494 κεῖνται
872 3445 925 3495 οί
970 3443 1180 3509 ἀναγεγ
1216 3445 1450 3509 αμμένοι
1495 3445 1705 3511 ἐφεξῆς
1751 3445 1856 3498 δύο
1900 3445 2171 3509 γνωμικοί
2219 3445 2393 3519 ςτίχοι
2437 3390 2591 3496 Efust.
2641 3446 2789 3505 1081,

506 3514 590 3563 36.
628 3538 692 3547 -
730 3512 831 3561 689
868 3510 1135 3577 ὑφείλετο
1172 3461 1239 3564 ἃ.
1276 3542 1339 3550 -
1376 3516 1476 3565 690
1512 3510 1693 3565 omitt.
1733 3510 1785 3563 H
1821 3512 1879 3565 in
1915 3514 2101 3576 textu,
2136 3510 2312 3563 habet
2345 3526 2402 3562 m
2428 3524 2605 3578 marg.
2644 3524 2788 3561 man.

507 3593 617 3630 rec.
656 3577 952 3643 ἐποτρύνει
999 3577 1058 3631 C.
1106 3579 1354 3646 ἑποτρύν
1397 3595 1453 3633 ςε
1502 3578 1568 3637 Η.
1616 3610 1680 3618 -
1727 3584 1818 3632 691
1871 3580 1935 3633 ὃς
1973 3578 2025 3633 οἳ
2062 3578 2125 3632 G.
2174 3580 2235 3632 ὅς
2272 3593 2334 3632 τε
2370 3578 2461 3631 καὶ
2497 3574 2563 3630 D.
2608 3578 2690 3631 ὲνι
2727 3583 2788 3628 Α.

508 3646 604 3699 ἐπ’(
641 3643 699 3699 C.
714 3637 938 3711 ’ἐνῆκεν
975 3644 1116 3700 DGS
1153 3645 1307 3701 Harl,
1400 3646 1501 3700 rat.
1542 3649 1607 3701 A.
1646 3646 1818 3700 Mose.
1852 3652 1902 3704 2.
1940 3647 2166 3702 ΕΝΗΚΕ
2201 3645 2322 3713 Syr.
2369 3675 2433 3684 —-
2486 3649 2586 3699 693
2622 3647 2789 3698 θάνα-

505 3729 610 3767 τον
646 3714 709 3767 δὲ
745 3712 813 3768 D.
863 3714 1166 3768 θάνατόνδ’
1200 3716 1497 3769 ἐκάλεςςαν
1536 3713 1765 3767 CEHLS
1797 3713 2024 3768 Barocc.
2058 3713 2214 3768 Vrat.
2241 3714 2294 3767 d.
2332 3712 2502 3767 Mose.
2541 3719 2588 3766 2.
2625 3714 2788 3765 θάνα-

508 3797 612 3835 τον
648 3781 700 3833 δ’
732 3782 1031 3835 ἑκάλεςςαν
1064 3783 1128 3834 A.
1167 3782 1624 3838 ΔΕΚΑΛΕΕΕΑΝ
1663 3781 1700 3835 S
1742 3800 1785 3835 r.
1811 3813 1875 3822 —
1911 3789 2008 3837 694
2045 3782 2312 3836 ἀντίνοον
2347 3780 2491 3850 Lips.
2533 3783 2789 3848 ἔχεκλονε

508 3849 717 3917 ὸπίτην
752 3848 900 3919 Lipe:
937 3847 1147 3903 TownL
1186 3867 1273 3917 γρ.
1312 3853 1402 3904 καὶ
1438 3852 1673 3918 ἔχεκλον
1756 3850 1858 3919 ips.
1897 3850 2043 3904 conf.
2078 3852 2125 3906 Λ
2160 3856 2276 3906 801.
2311 3879 2379 3889 -
2423 3854 2525 3903 695
2561 3849 2791 3916 πέρινον

512 3916 672 3974 Vrat.
709 3916 764 3969 d.
801 3952 866 3962 --
904 3921 1004 3970 696
1040 3919 1266 3983 βούλιον
1302 3917 1355 3972 S.
1402 3947 1467 3957 -·
1513 3923 1612 3973 697
1659 3920 1877 3985 φύγαδε
1923 3921 2188 3984 μνώοντο
2231 3916 2427 3971 ACDH
2473 3916 2592 3984 Syr.
2643 3914 2790 3984 Lips.

509 3983 667 4041 Vrat.
704 3984 760 4042 d.
798 3983 968 4039 Mose.
1003 3991 1052 4039 2.
1088 3987 1295 4053 φύγαδ’
1329 3987 1626 4052 ἐμνώοντο
1660 3985 1811 4041 GLS.

613 4172 710 4249 ·A.
750 4188 797 4225 c.
882 4175 983 4226 688
1035 4174 1333 4240 κρείςςωνε
1398 4174 1485 4228 δτι
1539 4176 1689 4230 τινὲς
1753 4176 1924 4243 χωρὶς
1985 4177 2089 4231 τοῦ
2146 4180 2179 4228 V
2230 4175 2508 4242 γράφουςι
2559 4172 2791 4243 κρείςςω

512 4239 946 4293 Artstonicus
1002 4240 1059 4292 in
1106 4241 1193 4293 his
1238 4241 1582 4295 Zenodotum
1631 4241 1797 4295 fuisse
1834 4241 2120 4311 existimo,
2166 4245 2311 4296 conf.
2357 4242 2423 4293 H.
2470 4241 2535 4294 T.
2572 4248 2688 4295 302.
2727 4271 2786 4280 -

510 4311 612 4375 690
645 4309 768 4360 ὅτεε
805 4312 943 4362 τότε
980 4308 1385 4378 ArIstophanes
1425 4310 1463 4363 Ρ
1494 4315 1588 4364 178
1623 4310 1770 4363 teste
1811 4308 2050 4378 Didymo
2087 4314 2146 4364 et
2169 4309 2356 4364 Schol.
2386 4309 2601 4364 Townl.
2638 4308 2789 4379 apud

513 4372 696 4424 Uram.
731 4375 836 4431 An.
872 4375 998 4427 Par.
1038 4374 1132 4439 ΙΙΙ,
1171 4381 1287 4443 987,
1325 4383 1373 4431 3.
1414 4406 1478 4415 --
1515 4382 1615 4430 697
1653 4376 1806 4431 ἔλενε
1844 4378 1966 4433 ἕλες
2002 4377 2338 4436 Zenodotus.
