3144 5006
1306 432 1638 487 ΙΛΙΑΔΟΕ
1686 431 1838 488 VIII.
2578 432 2699 495 221

588 586 779 652 ἵπποι
825 587 896 651 δὲ
942 585 1058 664 ῥέα
1101 585 1356 666 τάφρον
1402 584 1906 666 ὑπερθορέονται
1950 585 2243 665 ὀρυκτήν.

427 694 548 753 180
590 688 733 753 ἀλλ’
776 688 886 753 ὅτε
931 708 1041 753 κεν
1085 688 1163 768 δὴ
1209 688 1428 767 νηυςὶν
1472 687 1579 753 ἔπι
1621 690 1979 773 γλαφυρῇςι
2022 690 2337 772 γένωμαι,

591 789 959 872 μνημοςύνη
1001 810 1095 854 τις
1140 789 1359 856 ἔπειτα
1402 791 1609 870 πυρὸς
1653 790 1862 870 δηίοιο
1913 792 2216 874 γενέςθω,

595 893 686 958 ώς
731 893 886 972 πυρὶ
929 895 1088 971 νῆας
1132 892 1486 975 ἐνιπρήςω,
1530 893 1756 957 κτείνω
1802 893 1873 957 δὲ
1917 892 2018 957 καὶ
2061 893 2299 958 αὐτούς

593 994 943 1076 [Ἀργείους
986 995 1164 1073 παρὰ
1207 994 1423 1071 νηυςίν
1468 992 1903 1075 ἀτυζομένους
1947 994 2076 1059 ὑπὸ
2121 995 2421 1076 καπνοῦ]

759 1096 849 1160 ὣς
894 1094 1092 1161 εἰπὼν
1132 1095 1418 1162 ἵπποιςιν
1463 1096 1757 1161 ἐκέκλετο
1803 1096 2103 1176 φώνηςέν
2148 1115 2245 1160 τε·

429 1202 544 1259 185
590 1197 803 1262 Ξάνθέ
848 1219 916 1262 τε
959 1198 1061 1262 καὶ
1104 1198 1176 1262 ςύ
1219 1197 1553 1280 Πόδαργε,
1599 1198 1702 1263 καὶ
1745 1196 1954 1263 Αἴθων
1999 1196 2220 1278 Λάμπέ
2263 1217 2333 1261 τε
2378 1201 2496 1279 δῖε,

589 1302 711 1364 νῦν
756 1320 862 1379 μοι
907 1284 1024 1378 τὴν
1068 1300 1333 1377 κομιδὴν
1379 1298 1781 1382 ἀπιτίνετον,
1824 1300 1905 1378 ἣν
1950 1301 2121 1379 μάλα
2164 1301 2417 1377 πολλὴν

593 1401 1023 1484 Ἀνδρομάχη,
1070 1401 1351 1481 θυράτηρ
1396 1401 1835 1483 μεγαλήτορος
1880 1401 2269 1485 Ἠετίωνος,

590 1502 735 1580 ὑμῖν
779 1503 911 1581 πὰρ
954 1503 1319 1582 προτέροιςι
1363 1503 1723 1583 μελίφρονα
1766 1504 1977 1583 πυρὸν
2021 1503 2247 1595 ἔθηκεν

591 1603 801 1669 οἶνόν.
823 1604 878 1669 τ’
921 1604 1305 1684 ἐγκεράςαςα
1349 1606 1550 1686 πιεῖν,
1597 1605 1706 1669 ὅτε
1751 1606 1948 1684 θυμὸς
1991 1605 2259 1689 ἀνώγοι,

327 1733 337 1744 ·
427 1711 547 1768 190
588 1706 627 1783 ἢ
671 1706 845 1788 ἐμοί,
889 1706 963 1770 ὅς
1006 1706 1129 1786 πέρ
1174 1706 1235 1771 οἱ
1280 1705 1553 1785 θαλερὸς
1596 1705 1779 1772 πόςις
1822 1706 2087 1789 εὔχομαι
2132 1706 2317 1774 εἶναι.

589 1808 731 1872 ἀλλ’
775 1808 1243 1888 ἐφομαρτεῖτον
1287 1808 1387 1873 καὶ
1431 1808 1818 1892 ςπεύδετον,
1864 1807 2042 1889 ὄφρα
2086 1810 2380 1890 λάβωμεν

590 1908 822 2013 ἀςπίδα
868 1908 1257 1989 Νεςτορέην,
1302 1913 1416 1988 τῆς
1458 1912 1580 1974 νῦν
1625 1909 1813 1975 κλέος
1858 1910 2145 1991 οὐρανὸν
2185 1909 2327 1994 ἵκει,

588 2013 796 2075 πᾶςαν
841 2009 1136 2091 χρυςείην
1182 2010 1433 2094 ἔμεναι,
1478 2011 1760 2077 κανόνας
1801 2032 1870 2077 τε
1917 2015 2019 2079 καὶ
2061 2012 2282 2096 αὐτήν,

589 2111 790 2192 αὐτὰρ
835 2111 946 2177 ἀπ’
989 2112 1218 2191 ὤμοιιν
1262 2114 1630 2192 Διομήδεος
1672 2112 2072 2194 ἱπποδάμοιο

427 2219 545 2276 195
589 2213 934 2279 δαιδάλεον
978 2215 1266 2297 θώρηκα,
1311 2215 1429 2280 τὸν
1473 2216 1827 2295 ’Ἠφαιςτος
1872 2215 2028 2297 κάμε
2073 2216 2342 2296 τεύχων.

589 2315 643 2380 εἰ
685 2315 898 2381 τούτω
945 2336 1013 2381 κε
1058 2316 1393 2399 λάβοιμεν,
1438 2316 1784 2398 ἐελποίμην
1830 2339 1938 2384 κεν
1982 2318 2276 2398 Ἀχαιοὺς
2356 2384 2362 2391 ,

588 2410 899 2496 αὐτονυχὶ
941 2422 1116 2496 νηῶν
1162 2417 1532 2499 ἑπιβηςέμεν
1580 2417 1887 2485 ὠκειάων.
2376 2410 2383 2416 ’

765 2521 855 2584 ὣς
899 2520 1084 2600 ἔφατ’
1129 2519 1513 2604 εὐχόμενος,
1559 2521 1859 2602 νεμέςηςε
1906 2523 1978 2587 δὲ
2022 2522 2255 2588 πότνια
2297 2524 2485 2606 Ἥρη,

588 2622 828 2687 ςείςατο
874 2622 931 2686 δ’
974 2622 1094 2687 εἰνὶ
1134 2623 1381 2707 θρόνῳ,
1427 2621 1664 2690 ἐλέλιξε
1710 2625 1781 2688 δὲ
1825 2624 2069 2703 μακρὸν
2111 2625 2472 2709 Ὄλυμπον,

420 2728 545 2787 200
586 2723 687 2789 καί
732 2724 814 2803 ῥα
855 2723 1308 2808 Ποςειδάωνα,
1354 2723 1554 2804 μέγαν
1600 2725 1787 2806 θεόν,
1834 2725 2056 2791 ἀντίον
2099 2725 2295 2805 ηὔδα·

552 2891 619 2946 V.
655 2910 704 2946 L.
769 2897 863 2945 179
907 2893 992 2946 δὲε
1031 2894 1100 2960 δὴ
1148 2891 1197 2945 G
1240 2909 1305 2946 ex
1353 2908 1492 2946 corr.
1545 2923 1614 2932 —
1670 2898 1767 2948 180
1811 2894 1904 2947 ἐπὶ
1941 2889 2102 2947 ODG.
2157 2924 2222 2933 —
2280 2899 2371 2948 181
2421 2896 2583 2962 δηΐου
2630 2896 2696 2950 G.

416 2961 691 3023 γενέςθωε
736 2960 968 3027 γένηται
1011 2959 1225 3013 Townl.
1278 2990 1343 2999 —
1400 2967 1495 3015 182
1539 2961 1806 3029 ἐμπρήςω
1851 2959 1912 3016 C.
1963 2991 2031 3000 —
2087 2968 2182 3017 183
2227 2962 2408 3016 omitt.
2454 2961 2697 3016 ACDHL

416 3027 629 3081 Townl.
656 3027 810 3083 Harl.
837 3026 1012 3095 Lips.:
1050 3027 1264 3082 habent
1285 3026 1435 3081 EGH
1469 3028 1529 3080 in
1565 3045 1744 3098 marg.
1781 3036 1829 3081 2·.
1852 3045 2003 3083 man.
2039 3028 2076 3082 8
2111 3047 2239 3084 cum
2275 3030 2412 3087 aliis,
2448 3036 2696 3086 καπνοῠε

417 3101 617 3163 καπνῷ
654 3094 691 3147 S
729 3095 887 3149 Cant.
922 3094 1060 3150 Mor.
1099 3095 1252 3149 Vrat.
1293 3112 1341 3149 a.
1380 3112 1428 3149 c.
1468 3098 1535 3148 A.
1575 3096 1745 3150 Mose.
1786 3103 1831 3150 1.
1871 3104 1919 3150 3.
1966 3101 2093 3165 περὶ
2132 3103 2333 3167 καπνῷ
2368 3101 2547 3165 ἤγουν
2581 3102 2695 3154 ὑπὸ

417 3167 637 3216 καπνοῦ
673 3163 718 3215 Ε
755 3168 870 3230 705,
912 3169 996 3217 41.
1040 3193 1112 3208 --
1153 3169 1248 3218 185
1292 3165 1459 3218 ξάνθέ
1501 3180 1566 3218 τε
1610 3163 1773 3218 ACD.
1818 3166 1986 3220 ξάνθε
2034 3168 2099 3220 τὲ
2144 3165 2211 3218 Η.
2262 3169 2449 3231 λάμπέ
2493 3184 2557 3222 τε
2602 3167 2694 3221 AC

415 3230 592 3283 Bekk.
629 3230 840 3283 Aneed.
880 3236 1026 3287 1143.
1075 3260 1142 3270 —-
1188 3233 1285 3285 186
1319 3232 1621 3287 ἀποτίνετε
1658 3232 1723 3286 G.
1771 3261 1834 3274 —-
1886 3239 1982 3287 188
2017 3235 2151 3299 ἡμῖν
2188 3234 2245 3287 L.
2282 3250 2396 3302 παρ
2434 3233 2594 3290 ACD.
2631 3266 2694 3275 —

419 3304 515 3351 189
549 3299 760 3363 ἀνώγοι
796 3297 921 3351 AD:
958 3299 1167 3364 ἀνώγει
1192 3297 1429 3352 CEGHL
1453 3298 1679 3354 Baroce.
1707 3299 1865 3354 Cant.
1899 3317 2049 3354 man.
2072 3318 2179 3357 sec.
2218 3302 2374 3356 Vrat.
2406 3303 2458 3356 b.
2493 3331 2560 3354 ι-
2601 3309 2697 3357 190

414 3368 478 3419 ὃς
514 3367 619 3433 πέρ
655 3366 708 3420 ot
744 3365 839 3419 ΑΕ
877 3365 1133 3434 Apollon.
1174 3367 1244 3419 de
1282 3365 1439 3434 Synt.
1482 3373 1595 3433 126,
1633 3374 1715 3421 24.
1754 3371 1891 3423 ὅςπε
1962 3369 2016 3423 οἳ
2050 3368 2116 3422 D.
2152 3371 2325 3438 ὅςπερ
2359 3370 2418 3425 οἷ
2450 3370 2510 3428 L.
2546 3373 2694 3427 ὅςτίς

409 3435 468 3486 οἱ
505 3433 563 3487 C.
599 3464 666 3473 —
704 3440 795 3487 191
845 3434 1246 3501 ἑφομαρτῆτον
1282 3434 1340 3487 L.
1385 3436 1444 3490 αἴ
1481 3452 1542 3489 κε
1588 3436 1849 3502 λάβωμεν
1884 3386 1952 3494 fi.
2000 3473 2066 3483 -
2113 3444 2208 3491 192
2255 3440 2548 3508 νεςτορίην
2585 3439 2691 3494 GL.

411 3552 545 3607 ἵκεις
583 3553 705 3617 ἥκει
742 3552 790 3606 G
829 3551 986 3608 Vrat.
1024 3553 1088 3607 A.
1123 3552 1293 3611 Mose.
1330 3561 1383 3607 3.·
1413 3503 1538 3620 ιξκει
1579 3553 1634 3611 L.
1671 3584 1732 3593 —-
1775 3561 1869 3609 193
1905 3556 2134 3624 χρυςίην
2160 3555 2223 3610 G.
2260 3558 2492 3624 ἔμμεναι
2517 3558 2621 3612 GH
2651 3565 2693 3612 1.

415 3635 562 3672 man.
599 3622 662 3673 τὲ
698 3623 788 3674 καί
824 3620 880 3674 C.
917 3651 982 3660 —
1021 3626 1118 3674 194
1154 3623 1353 3689 ᾧμοιῖν
1390 3620 1449 3676 C.
1485 3623 1715 3688 ὧμοιςιν
1749 3621 1810 3680 L.
1847 3653 1913 3662 —-
1952 3630 2045 3678 197
2082 3625 2354 3692 αὐτονυχὶ
2397 3626 2465 3680 Α.
2526 3628 2692 3681 αὐτο-

415 3723 540 3787 νυχί
565 3719 712 3774 GHL
736 3720 947 3776 'PownL
977 3721 1130 3780 Vrat.
1167 3723 1221 3776 b.
1256 3721 1425 3776 Mose.
1465 3730 1509 3777 1.
1548 3740 1585 3777 a
1616 3741 1700 3793 pr.
1740 3742 1886 3779 man.
1925 3698 2459 3792 αὐτονυχεῖὊΒΕὸ.
2496 3758 2558 3766 -
2599 3734 2695 3782 198

414 3790 496 3844 ώς
519 3789 583 3843 A.
609 3819 667 3828 —
703 3796 798 3843 199
824 3791 930 3844 είνι
950 3790 1018 3846 A.
1044 3791 1128 3845 ἑνὶ
1152 3790 1332 3845 Schol.
1358 3791 1401 3845 Α
1427 3797 1543 3846 528.
1570 3822 1634 3831 -
1661 3798 1762 3847 200
1798 3796 1889 3847 καί
1912 3795 1982 3861 ῥὰ
2007 3797 2340 3878 ποςειδάονα
2359 3794 2427 3847 Ι).
2463 3797 2607 3864 ηὔδα
2625 3795 2692 3849 D.

417 3906 554 3913 ——-—

547 3959 614 4012 A.
650 3977 699 4011 c.
739 3964 833 4013 185
851 3960 1132 4015 ἀθετεῖται
1151 3960 1609 4028 Aristonicum
1635 3961 1749 4016 vid.
1775 3960 1958 4016 Schol.
1982 3964 2029 4017 Τ
2048 3969 2166 4029 400,
2188 3965 2236 4019 Ψ
2262 3969 2376 4019 295.
2396 3994 2462 4004 -
2485 3969 2580 4018 189
2600 3967 2690 4020 καί

412 4028 549 4092 παρ’
582 4027 944 4094 ἀριςτοφάνει
986 4028 1270 4083 ἀθετεῖται
1313 4029 1655 4097 Didymus.
1701 4030 1760 4083 in
1806 4029 1938 4084 eod.
1970 4032 2019 4084 A
2057 4033 2144 4084 est
2186 4030 2383 4086 obelus
2417 4032 2691 4102 adpictus,

412 4095 728 4160 ἠθετοῦντο
763 4096 818 4150 οἱ
851 4096 1022 4162 ςτίχοι
1067 4098 1221 4164 παρά
1252 4113 1430 4151 τινων
1466 4097 1619 4150 Euat.
1655 4103 1770 4164 707,
1806 4104 1887 4152 23.
1924 4127 1989 4137 -
2040 4105 2131 4152 191
2170 4099 2521 4153 Aristarchus
2555 4101 2691 4167 ἐφα-

413 4167 753 4229 μαρτεῖτονῖ
791 4163 933 4216 conf.
970 4162 1151 4218 Schol.
1197 4167 1256 4220 Μ
1291 4171 1410 4232 412,
1448 4167 1496 4221 Ψ
1529 4171 1648 4218 414.
1692 4168 1869 4233 ὄφραε
1907 4167 2094 4220 οὕτως
2137 4167 2493 4235 ἀρίςταρχος,
2530 4169 2691 4224 ἄλλοι

409 4230 473 4283 δὲ
508 4230 630 4284 αἴκε
667 4231 928 4296 λάβωμεν
963 4230 1310 4299 Didymae.
1345 4264 1410 4273 —
1451 4239 1543 4287 197
1582 4231 1906 4300 αὐτονυχείε
1943 4235 2103 4288 ἄλλοι
2138 4237 2201 4289 δὲ
2234 4236 2324 4290 διὰ
2364 4240 2470 4290 *too
2505 4237 2528 4290 ἰ
2561 4239 2691 4306 γρά-

410 4313 614 4362 φουςιν
650 4297 832 4352 Schol.
870 4298 930 4351 L.
966 4301 1036 4353 τὸ
1073 4303 1135 4355 δὲ
1169 4302 1470 4369 αὐτονυχεί
1505 4302 1569 4355 ἐν
1614 4307 1734 4356 τοῖς
1773 4302 2050 4357 Ἀπίωνος
2092 4304 2196 4369 μὲν
2240 4305 2331 4357 καί
2368 4306 2690 4374 Ἡροδώρου

409 4367 500 4419 διὰ
533 4371 636 4419 τοῦ
672 4367 693 4420 ἰ
727 4367 1028 4434 γράφεται,
1066 4369 1225 4422 ἄλλοι
1260 4371 1322 4423 δὲ
1356 4372 1446 4424 διὰ
1479 4370 1792 4437 διφθόγγου
1827 4370 1972 4424 αὐτὸ
2009 4371 2264 4440 ἔγραψαν
2298 4371 2452 4427 Euat.
2489 4378 2604 4442 708,
2641 4380 2689 4429 2.
