3144 5006
480 379 565 443 56
1391 379 1729 434 ΙΛΙΑΔΟ(
1784 380 1847 433 Ξ.

657 531 746 597 ὡς
793 533 901 598 ςέο
948 537 1067 598 νῦν
1114 533 1339 612 ἔραμαι
1383 533 1482 598 καί
1525 554 1601 612 με
1645 534 1879 610 γλυκὺς
1921 534 2137 613 ἵμερος
2182 533 2359 613 αἱρεῖ.

829 636 945 700 τὸν
992 637 1064 700 δὲ
1110 637 1649 717 δολοφρονέουςα
1692 637 2026 716 προςηύδα
2068 637 2302 718 πότνια
2345 637 2544 714 Ἥρη·

490 741 616 799 330
661 737 955 804 αἰνότατε
1006 737 1312 820 Κρονίδη,
1358 742 1555 803 ποῖον
1602 738 1718 805 τὸν
1763 743 1966 818 μῦθον
2011 737 2240 803 ἔειπες.

661 837 713 903 εἰ
757 843 879 905 νῦν
923 840 994 904 έν
1041 841 1333 919 φιλότητι
1378 841 1645 905 λιλαίεαι
1691 840 2035 919 εὐνηθῆναι

654 941 816 1020 Ἴδης
860 940 930 1007 ἐν
976 948 1317 1026 κορυφῇςι,
1362 943 1441 1007 τὰ
1485 945 1557 1007 δὲ
1602 942 2055 1022 προπέφανται
2099 941 2353 1007 ἅπαντα
2366 991 2385 1024 ,

656 1049 796 1108 πῶς
841 1043 895 1107 κ’
940 1043 1063 1122 ἔοι,
1111 1043 1171 1108 εἴ
1213 1065 1304 1109 τις
1348 1051 1466 1109 νῶι
1510 1047 1682 1109 θεῶν
1728 1044 2178 1122 αἰειγενετάων

659 1144 922 1210 εὕδοντ’
965 1144 1281 1224 ἀθρήςειε,
1329 1151 1526 1211 θεοῑςι
1572 1148 1645 1212 δὲ
1689 1150 1835 1213 πᾶςι
1878 1148 2202 1225 μετελθὼν

486 1252 609 1311 335
654 1247 1010 1327 πεφράδοι;
1059 1247 1177 1311 οὐκ
1221 1248 1300 1314 ἂν
1347 1249 1477 1323 ἐγώ
1523 1269 1597 1325 γε
1642 1251 1792 1314 τεὸν
1836 1249 2001 1328 πρὸς
2047 1254 2229 1330 δῶμα
2271 1245 2531 1327 νεοίμην

660 1349 724 1415 ἐξ
770 1350 961 1427 εὐνῆς
1006 1347 1311 1419 ἀνςτᾶςα,
1360 1351 1740 1430 νεμεςςητόν
1786 1353 1857 1416 δέ
1904 1371 2013 1416 κεν
2058 1351 2174 1430 εἴη.

657 1451 797 1515 ἀλλ’
842 1451 896 1516 εἰ
940 1452 1018 1530 δή
1067 1451 1123 1531 ῥ’
1166 1452 1408 1517 ἐθέλει(
1452 1451 1553 1516 καί
1597 1473 1696 1517 τοι
1740 1453 1938 1531 φίλον
1982 1452 2216 1519 ἔπλετο
2260 1459 2466 1539 θυμῷ,

657 1553 823 1618 ἔςτιν
868 1574 968 1618 τοι
1012 1554 1333 1636 θάλαμος,
1377 1554 1491 1621 τόν
1535 1576 1637 1619 τοι
1682 1553 1872 1634 φίλος
1918 1555 2055 1620 υἱὸς
2100 1555 2353 1620 ἔτευξεν

660 1655 1043 1739 Ἣφαιςτος,
1089 1655 1355 1721 πυκινὰ(
1401 1659 1473 1721 δὲ
1517 1657 1714 1735 θύρας
1759 1660 2121 1735 ςταθμοῖςιν
2167 1657 2471 1736 ἐπῆρςεν·

488 1762 612 1820 340
656 1755 788 1821 ἔνθ’
833 1757 1017 1839 ἴομεν
1063 1757 1372 1840 κείοντες,
1418 1757 1556 1823 ἐπεί
1600 1759 1680 1824 νύ
1726 1780 1826 1823 τοι
1870 1757 2102 1823 εὔαδεν
2147 1759 2320 1839 εὐνή.

831 1861 948 1939 τὴν
992 1861 1049 1924 δ’
1093 1859 1603 1941 ἀπαμειβόμενος
1646 1861 1941 1942 προςέφη
1987 1862 2462 1942 νεφεληγερέτα
2503 1861 2701 1927 Ζεύς·

655 1962 852 2040 Ἥρη,
898 1964 1049 2042 μήτε
1097 1967 1263 2029 θεῶν
1310 1962 1383 2027 τό
1427 1982 1500 2038 γε
1545 1964 1767 2028 δείδιθι
1807 1963 1962 2042 μήτέ
2007 1965 2126 2029 τιν’
2170 1962 2429 2042 ἀνδρῶν

657 2061 958 2143 ὄψεςθαι·
1005 2064 1188 2129 τοῖόν
1233 2086 1332 2130 τοι
1378 2065 1506 2141 ἐγὼ
1552 2065 1758 2143 νέφος
1802 2065 2272 2146 ἀμφικαλύψω,

659 2167 965 2244 χρύςεον·
1012 2164 1152 2230 οὐδ’
1198 2166 1278 2233 ἂν
1324 2169 1444 2231 νῶι
1472 2158 1821 2246 ’διαδράκοι
1865 2165 2078 2244 ἠέλιός
2122 2187 2244 2245 περ
2259 2217 2281 2249 ,

489 2273 609 2332 345
657 2265 736 2332 οὗ
781 2288 850 2333 τε
896 2269 996 2332 καὶ
1040 2267 1353 2333 ὀξύτατον
1400 2268 1661 2333 πέλεται
1706 2268 1879 2348 φάος
1924 2268 2343 2349 εἰςοράαςθαι.

841 2369 880 2449 ἦ
915 2369 1027 2452 ῥα,
1073 2369 1175 2432 καὶ
1204 2369 1401 2445 ἀγκὰς
1446 2369 1726 2449 ἔμαρπτε
1762 2370 2011 2450 Κρόνου
2056 2375 2203 2437 παῖς
2247 2373 2327 2450 ἣν
2372 2370 2780 2450 παράκοιτιν·

659 2476 821 2537 τοῑςι
868 2471 925 2536 δ’
968 2470 1097 2537 ὑπὸ
1143 2473 1318 2550 χθὼν
1364 2474 1473 2538 δῖα
1516 2474 1686 2555 φύεν
1731 2474 2048 2555 νεοθηλέα
2094 2474 2318 2554 ποίην,

665 2573 881 2639 λωτόν
924 2575 982 2639 θ’
1027 2574 1334 2653 ἑρςήεντα
1379 2575 1471 2639 ἰδὲ
1517 2575 1752 2654 κρόκον
1798 2575 1897 2653 ἠδ’
1943 2575 2246 2642 ὑάκινθον

663 2675 911 2741 πυκνὸν
957 2676 1056 2740 καὶ
1101 2675 1405 2754 μαλακόν,
1454 2678 1528 2741 ὃς
1576 2676 1706 2743 ἀπὸ
1752 2677 1992 2757 χθονὸς
2037 2678 2226 2757 ὑψός’
2269 2678 2470 2757 ἔεργε.

625 2876 694 2932 V.
735 2897 785 2935 1..
858 2882 958 2933 328
1015 2881 1092 2933 ὡς
1150 2877 1243 2932 ςέο
1287 2842 1421 2932 libri
1469 2894 1597 2932 cum
1642 2879 1690 2931 A
1733 2878 1902 2934 ollon.
1949 2878 2018 2933 de
2066 2878 2221 2949 Synt.
2274 2883 2395 2941 166,
2448 2884 2501 2933 5:
2564 2879 2644 2932 ὥς
2688 2894 2784 2932 ςεο

487 2945 574 2999 Et.
611 2945 723 3017 Mg.
765 2952 882 3011 637,
920 2952 1000 3003 58.
1039 2945 1126 2999 Et.
1163 2943 1307 2999 Gud.
1348 2951 1464 3011 204,
1503 2951 1584 2999 28.
1622 2945 1702 3000 Be
1746 2947 1801 3005 k.
1838 2947 2048 3002 Anecd.
2088 2953 2234 3004 1145.
2271 2947 2414 3014 αἰρεῑ
2439 2945 2506 3006 G.
2543 2950 2685 3013 αιρεῖ
2711 2946 2780 2999 A.

494 3081 557 3089 —-
597 3057 697 3104 329
732 3068 775 3104 π
813 3052 1021 3118 οςηῦδα
1057 3048 1123 3102 D.
1159 3081 1222 3114 -,-
1262 3055 1361 3104 330
1397 3050 1591 3106 ἔειπας
1627 3049 1684 3104 C.
1729 3079 1784 3089 —
1825 3056 1925 3105 332
1962 3052 2097 3105 τάδε
2133 3049 2295 3104 ADL.
2333 3028 2519 3106 ΤΑΔὲ
2556 3049 2679 3118 Syr.
2715 3079 2783 3089 ——

491 3125 593 3172 335
628 3119 734 3172 οὐκ
808 3136 840 3170 ν
876 3120 1072 3173 ἔπειτα
1106 3116 1318 3171 Barooc
1382 3121 1532 3172 θεῶν
1569 3120 1711 3185 πρὸς
1747 3120 1910 3183 δῶμα
1947 3117 2094 3188 Lipu.
2131 3136 2271 3186 προς
2309 3120 2373 3171 A.
2415 3149 2475 3159 -—
2515 3124 2615 3173 336
2650 3116 2783 3171 ἀνα-

491 3191 660 3241 ςτᾶςα
695 3183 743 3238 D
782 3183 932 3254 Lips.
969 3185 1113 3239 Flor.
1146 3187 1279 3241 ΕΙΗΙ
1321 3183 1440 3254 Syr.
1480 3215 1544 3225 -
1583 3191 1683 3240 338
1720 3187 1833 3240 ἔςτι
1857 3184 1906 3238 D
1944 3185 2092 3255 Lips.
2131 3222 2191 3230 -
2230 3192 2327 3240 341
2368 3186 2787 3290 νεφαρῑεκτα

493 3323 556 3374 A.
594 3351 661 3363 --
698 3326 797 3375 342
845 3325 998 3375 θεῶν
1045 3320 1283 3376 CDEGL
1328 3318 1512 3380 Schol.
1557 3322 1607 3377 Ξ
1651 3327 1766 3376 315.
1813 3272 1947 3376 θεῗν
1982 3321 2051 3376 Η.
2097 3322 2232 3377 θεὸν
2276 3322 2326 3374 Α
2371 3319 2492 3389 Syr.
2526 3320 2699 3376 Mose.
2736 3327 2789 3375 2.

493 3423 653 3478 vrat.
679 3423 733 3477 d.
769 3426 909 3492 μήτέ
946 3423 1194 3479 ACEGH
1229 3424 1411 3481 Schol.
1452 3425 1500 3479 Ξ
1524 3429 1641 3483 315.
1677 3403 1995 3481 ΜΗτέτιΝ
2037 3403 2293 3480 ’ᾸΛΛοΝ
2323 3423 2441 3494 Syr.
2466 3426 2575 3478 τιν·
2611 3426 2788 3479 <mov

495 3527 656 3582 Vrat.
695 3527 748 3584 d.
784 3530 895 3581 τῖν·
937 3528 1113 3583 ἄλλον
1159 3530 1386 3596 ἀνδρῶν
1431 3529 1499 3583 Η.
1549 3563 1615 3573 —
1660 3534 1761 3583 343
1807 3529 2421 3584 ΑΘΑΝΑΤΟΝΤΟΙΟΝ
2468 3528 2588 3596 Syr.
2633 3529 2790 3593 ἐγὼν

495 3594 565 3650 G.
628 3627 684 3634 -
744 3601 844 3649 344
879 3596 1004 3650 οὐδ’
1037 3597 1104 3665 ἂρ
1151 3596 1204 3651 S.
1250 3598 1413 3652 ΠΕΡ’
1448 3596 1569 3677 Syr.
1629 3628 1689 3636 —
1744 3603 1842 3652 345
1888 3598 2046 3652 πέλει
2092 3595 2202 3653 CD.
2261 3626 2319 3635 -
2376 3601 2475 3650 346
2509 3597 2581 3663 ῥά
2617 3594 2786 3652 DGL.

498 3666 751 3731 ἔμαρψεν
788 3662 941 3717 Eunt,
988 3668 1134 3727 1683,
1177 3672 1253 3722 11.
1292 3671 1423 3719 παῖς
1459 3664 1594 3717 111)τί
1630 3681 1756 3718 oum
1794 3664 1977 3734 Apoll.
2016 3663 2187 3733 Soph.
2214 3668 2263 3730 5,
2301 3670 2350 3719 9.
2386 3662 2556 3721 Rhet.
2590 3662 2790 3719 Graec.

497 3731 570 3800 ΙΙ,
610 3737 724 3793 287,
761 3737 842 3787 21.
887 3762 944 3770 -
994 3738 1094 3786 347
1140 3735 1254 3788 ὑπο
1291 3732 1506 3790 ACDH.
1553 3734 1669 3787 ὕπο
1703 3731 1870 3787 Rhet.
1909 3733 2001 3790 Gr.
2042 3731 2110 3797 ΙΙ,
2153 3738 2270 3794 359,
2312 3738 2387 3785 14.
2432 3736 2581 3797 φῠεν
2617 3729 2682 3785 G.
2722 3762 2789 3771 —

497 3806 598 3855 318
634 3801 828 3855 λωτὸν
864 3801 1138 3867 έρςήεντα
1183 3802 1284 3868 ἠδὲ
1330 3799 1512 3871 Apoll.
1550 3798 1721 3869 Soph.
1768 3804 1850 3865 63,
1896 3808 1938 3854 1.
1987 3803 2039 3853 τ’
2082 3800 2336 3868 ἑρςὴεντ’
2390 3801 2477 3854 ’δὲ
2524 3797 2707 3854 Sobel.
2747 3801 2789 3854 Κ

499 3874 580 3923 75.
618 3869 717 3935 ἠδὲ
752 3867 821 3922 D.
873 3874 918 3921 1.
953 3884 1103 3922 man.
1142 3867 1274 3925 Zon.
1313 3867 1445 3923 Lex.
1482 3873 1632 3926 1759.
1679 3898 1741 3907 -
1789 3873 1889 3922 349
1924 3868 2039 3923 ἀπο
2073 3869 2142 3922 A.
2189 3870 2349 3935 ἔεργε
2435 3865 2628 3922 CDEG
2665 3865 2790 3936 Syr.

632 4073 701 4126 A.
739 4090 786 4130 c.
858 4078 958 4128 340
1013 4074 1241 4129 εὔαδενε
1289 4079 1361 4141 τῇ
1418 4073 1622 4159 πρώτῃ
1668 4075 1911 4141 ςυλλαβῇ
1956 4071 2269 4138 ψιλωτέον,
2322 4076 2394 4140 τῇ
2438 4071 2500 4126 δὲ
2553 4071 2792 4159 δευτέρα

498 4142 804 4196 δαςυντέον
842 4140 929 4195 Et.
968 4139 1113 4195 Gud.
1149 4147 1266 4208 216,
1300 4148 1381 4199 51.
1430 4143 1597 4209 εὐνηε
1647 4141 1954 4209 ζηνόδοτος
2000 4141 2090 4194 καὶ
2137 4140 2411 4207 ἀριςτοφά
2488 4155 2515 4194 ς
2558 4141 2683 4193 ἐπεὶ
2718 4156 2792 4195 νυ

498 4225 585 4264 τοι
623 4210 825 4265 εὔαδεν
853 4209 1026 4275 εὐνήν
1064 4209 1409 4279 Didymus.
1437 4239 1500 4248 —
1537 4215 1637 4266 349
1674 4210 1859 4264 οὕτως
1896 4207 2222 4276 ἀρίςταρχος
2247 4208 2407 4275 ἔεργε
2503 4206 2791 4275 idymus.

501 4277 563 4329 ἐν
608 4277 668 4330 δέ
712 4293 849 4332 τιςιν
895 4277 1043 4345 ἄειρε
1092 4280 1184 4332 καὶ
1238 4279 1434 4345 ἔερπε·
1489 4278 1552 4331 ἑν
1596 4278 1658 4332 δὲ
1701 4283 1774 4347 τῇ
1820 4276 1923 4345 Χία
1966 4275 2144 4333 ἵκανε.
2197 4275 2523 4343 Ζηνόδοτος
2556 4275 2635 4331 ἵν’
2669 4274 2791 4331 ἀπὸ

501 4345 705 4410 χθονὸς
742 4346 1084 4414 ἀγκαζέςθην
1119 4344 1463 4417 Didymus.
2880 4360 2891 4369 '
