3144 5006
1305 377 1637 433 ΙΛΙΑΔΟΕ
1674 368 1834 431 ‘V111.
2584 379 2710 444 215

591 533 894 615 μεςςηγύς
937 533 1118 612 γαίης
1161 553 1231 597 τε
1276 532 1374 598 καὶ
1420 532 1709 614 ούρανοῦ
1752 531 2186 612 ἀςτερόεντος.

593 637 762 715 Ἴδην
807 636 866 700 δ’
905 634 1128 702 ἵκανεν
1172 635 1612 716 πολυπίδακα,
1658 635 1895 715 μητέρα
1939 640 2176 717 θηρῶν,

597 737 953 817 Γάργαρον·
1000 736 1156 802 ἔνθα
1199 737 1273 801 δέ
1317 735 1378 800 οἱ
1421 736 1688 817 τέμενος
1733 736 1944 817 βωμός
1987 757 2057 801 τε
2100 738 2330 816 θυήεις.

592 838 725 904 ἔνθ’
764 839 1008 904 ἵππους
1052 836 1267 916 ἔςτηςε
1309 839 1518 918 πατὴρ
1561 836 1822 917 ἀνδρῶν
1867 858 1934 903 τε
1977 843 2146 905 θεῶν
2189 859 2257 904 τε

464 946 547 1004 50
591 940 781 1006 λύςας
825 941 892 1007 ἐξ
935 940 1181 1023 ὀχέων,
1225 940 1385 1005 κατὰ
1428 940 1484 1004 δ’
1527 939 1687 1019 ήέρα
1729 939 1982 1005 πουλὺν
2025 939 2269 1020 ἔχευεν.

588 1041 784 1107 αὐτὸς
825 1042 884 1107 δ’
927 1041 997 1107 ἐν
1042 1046 1354 1125 κορυφῇςι
1400 1041 1696 1107 καθέζετο
1742 1040 1919 1106 κύδεϊ
1960 1042 2185 1124 γαίων,

588 1143 898 1222 εἰςορόων
942 1143 1190 1223 Τρώων
1232 1162 1301 1208 τε
1344 1143 1535 1208 πόλιν
1579 1141 1681 1207 καὶ
1723 1146 1883 1222 νῆας
1926 1144 2217 1223 Ἀχαιῶν.
2406 1218 2419 1231 ⁶

757 1246 824 1311 οἳ
866 1247 924 1310 δ’
966 1244 1092 1324 ἄρα
1134 1248 1405 1311 δεῖπνον
1450 1244 1683 1311 ἕλοντο
1729 1244 1885 1324 κάρη
1931 1244 2292 1323 κομόωντες
2338 1248 2577 1326 Ἀχαιοὶ

590 1346 793 1427 ῥίμφα
834 1348 995 1413 κατὰ
1039 1346 1305 1430 κλιςίας,
1350 1346 1482 1412 ἀπὸ
1528 1346 1586 1412 δ’
1629 1346 1831 1411 αὐτοῦ
1876 1348 2316 1426 θωρήςςοντο·

459 1453 540 1511 55
585 1448 804 1526 Τρῶες
848 1450 904 1514 δ’
948 1448 1090 1515 αὖθ’
1133 1448 1446 1530 ἑτέρωθεν
1490 1448 1618 1514 ἀνὰ
1660 1448 1888 1515 πτόλιν
1933 1448 2332 1530 ὡπλίζοντο,

586 1551 1002 1631 παυρότεροι·
1047 1551 1329 1631 μέμαςαν
1375 1553 1448 1615 δὲ
1491 1551 1595 1615 καὶ
1638 1550 1727 1615 ὧς
1774 1550 1981 1630 ύςμῑνι
2023 1550 2357 1634 μάχεςθαι,

584 1655 790 1732 χρειοῖ
834 1652 1178 1736 ἀναγκαίῃ,
1223 1653 1352 1731 πρό
1394 1672 1463 1718 τε
1508 1652 1760 1718 παίδων
1803 1652 1903 1718 καὶ
1945 1638 2076 1732 πρὸ
2119 1657 2466 1729 γυναικῶν.

588 1756 778 1819 πᾶςαι
823 1755 880 1820 δ’
926 1753 1245 1831 ώίγνυντο
1289 1754 1517 1837 πύλαι,
1562 1754 1634 1819 ἐκ
1678 1755 1735 1819 δ’
1777 1753 1995 1819 ἔςςυτο
2042 1753 2232 1838 λαός,

581 1854 764 1923 πεζοί
805 1857 863 1919 θ’
904 1856 1138 1935 ἱππῆές
1180 1875 1279 1922 τε·
1323 1856 1531 1921 πολὺς
1574 1857 1631 1920 δ’
1675 1854 2044 1936 ὀρυμαγδὸς
2089 1855 2342 1937 ὀρώρει.

459 1964 541 2020 60
751 1959 819 2023 οἳ
861 1959 919 2023 δ’
962 1957 1072 2024 ὅτε
1115 1957 1195 2037 δή
1240 1957 1297 2038 ῥ’
1339 1958 1408 2023 ἐς
1451 1960 1674 2037 χῶρον
1719 1958 1836 2022 ἕνα
1879 1956 2202 2024 ξυνιόντες
2241 1958 2505 2042 ἵκοντο,

583 2060 695 2125 ςύν
740 2059 798 2140 ῥ’
840 2060 1079 2140 ἔβαλον
1124 2059 1375 2143 ῥινούς,
1419 2060 1534 2125 ςόν
1579 2059 1636 2125 δ’
1678 2059 1870 2138 ἔγχεα
1912 2061 2017 2125 καὶ
2059 2060 2231 2141 μένε’
2271 2060 2531 2142 ἀνδρῶν

582 2164 1161 2241 χαλκεοθωρήκων·
1205 2160 1367 2241 ἀτὰρ
1413 2161 1672 2227 ἀςπίδες
1715 2146 2146 2242 ὀμφαλόεςςοῑι

582 2263 842 2341 ἔπληντ’
885 2263 1216 2347 ἀλλήλῃςι,
1261 2264 1468 2328 πολύς
1509 2263 1566 2326 δ’
1610 2262 1976 2343 ὀρυμαγδὸς
2019 2264 2271 2346 ὀρώρει.

582 2365 737 2431 ἔνθα
780 2366 838 2430 δ’
879 2364 982 2445 ἅμ’
1027 2365 1271 2446 οἰμωγή
1314 2385 1384 2430 τε
1427 2366 1532 2429 καὶ
1575 2365 1829 2445 εὐχωλὴ
1874 2366 2073 2431 πέλεν
2118 2366 2381 2446 ἀνδρῶν

456 2472 535 2531 65
581 2467 914 2534 ὀλλύντων
958 2488 1027 2533 τε
1071 2467 1175 2532 καὶ
1216 2466 1626 2551 ὀλλυμένων,
1672 2464 1778 2547 ῥέε
1821 2469 1878 2532 δ’
1921 2467 2132 2549 αἵματι
2175 2472 2347 2554 γαῖα.

748 2569 929 2651 ὄφρα
969 2571 1084 2648 μἐν
1128 2569 1261 2649 ἠὼς
1303 2568 1384 2643 ἦν
1428 2571 1531 2635 καὶ
1574 2567 1796 2637 ἀέξετο
1839 2569 2018 2649 ἱερὸν
2062 2570 2261 2655 ἦμαρ,

578 2670 795 2752 τόφρα
836 2671 980 2750 μάλ’
1022 2670 1411 2752 ἀμφοτέρων
1458 2671 1624 2753 βέλε’
1664 2671 1933 2754 ἥπτετο,
1979 2675 2169 2738 πῖπτε
2214 2675 2285 2739 δὲ
2331 2673 2502 2740 λαός.

465 2767 550 2874 ἰχ
579 2774 739 2853 ἦμος
784 2774 841 2838 δ’
883 2774 1099 2854 ήέλιος
1142 2773 1334 2852 μέςον
1380 2771 1667 2853 οὐρανὸν
1711 2771 2157 2856 ἀμφιβεβήκει,

544 2990 612 3045 V.
648 3009 696 3044 t..
749 2997 815 3044 47
848 2992 1007 3045 ἵκανε
1045 2989 1190 3045 DEG
1239 2990 1420 3046 Schol.
1458 2993 1505 3047 Ξ
1540 2996 1658 3047 283.
1704 2992 2095 3047 πολλυπίδακα
2131 2992 2195 3046 G.
2246 3024 2305 3033 —
2350 2999 2418 3050 48
2461 2997 2598 3050 ἔνθα
2633 2998 2693 3051 δέ

407 3057 699 3113 ADGHLS
735 3057 901 3112 Schol
942 3061 975 3115 Γ
999 3065 1116 3114 320.
1154 3058 1334 3116 Cram.
1363 3061 1468 3114 An.
1504 3059 1605 3114 Ox.
1631 3060 1700 3126 ΙΙ,
1728 3067 1844 3125 329,
1868 3067 1925 3114 4:
1963 3063 2100 3116 ἔνθα
2133 3061 2199 3116 τέ
2234 3061 2291 3115 C.
2331 3097 2397 3106 -
2432 3070 2499 3117 50
2524 3066 2690 3119 λύςας

406 3129 457 3179 δ’
492 3126 559 3181 Η.
596 3127 841 3193 ἐξοχέων
875 3126 940 3181 D.
989 3128 1131 3181 κατὰ
1166 3126 1333 3182 ACE:
1380 3131 1510 3195 περὶ
1548 3126 1734 3183 GHLS
1772 3127 1930 3182 Cant.
1979 3128 2205 3186 Barocc.
2244 3128 2397 3184 Harl.
2442 3130 2599 3185 Vrat.
2636 3133 2690 3187 b.

405 3193 575 3248 Mose.
606 3201 648 3250 1.
685 3212 812 3262 περι
836 3193 925 3260 Ι),·
944 3195 1088 3249 conf.
1122 3194 1160 3248 Ε
1186 3201 1312 3261 776,
1349 3194 1448 3248 ubi
1472 3212 1666 3249 omnes
1692 3199 1820 3263 περὶ
1847 3195 2130 3256 exhibent.
2169 3200 2353 3253 πολὺν
2377 3196 2426 3252 D
2454 3205 2501 3253 1.
2540 3217 2686 3256 man.

406 3260 471 3319 G.
511 3265 731 3328 πολλὴν
767 3262 824 3320 Ο.
872 3293 933 3301 -
980 3269 1046 3317 52
1081 3266 1291 3333 τρῲων
1324 3263 1383 3318 L.
1432 3293 1496 3303 —-
1539 3271 1606 3319 53
1651 3265 1759 3318 οἵδ’
1801 3263 1954 3319 CGL.
2000 3265 2141 3333 κάρη
2187 3268 2513 3331 κομόωντες
2558 3268 2687 3323 AH:

407 3329 582 3384 ceteri
618 3331 1112 3399 καρηκομόωντες.
1149 3360 1210 3368 -
1248 3337 1314 3385 54
1349 3348 1492 3386 κατα
1528 3331 1596 3385 D.
1633 3333 1747 3386 ἀπο
1782 3333 1848 3390 A.
1889 3363 1952 3372 —
1988 3339 2054 3387 55
2088 3339 2269 3412 τρῷες
2293 3332 2353 3386 L.
2392 3338 2519 3391 αὖθ’
2543 3336 2686 3391 ACD

401 3396 586 3452 EHLS
609 3397 762 3452 Harl.
786 3397 997 3454 Townl.
1022 3397 1178 3452 Vrat.
1201 3399 1254 3452 b.
1290 3401 1360 3453 αὖ
1397 3398 1463 3452 G.
1502 3400 1821 3456 ὡπλίζοντο
1856 3399 1986 3454 libri
2020 3417 2133 3455 mel
2166 3418 2294 3456 cum
2328 3401 2483 3458 Euat.
2521 3434 2584 3444 ——-
2617 3411 2684 3459 56

405 3467 513 3520 duc:
551 3464 682 3519 libri
719 3467 815 3520 ὣς.
842 3467 886 3518 A
924 3466 1019 3520 ὡς.
1056 3466 1253 3537 ὑςμίνῃ
1281 3466 1439 3520 DGL.
1478 3498 1543 3507 —
1580 3474 1646 3522 57
1684 3471 1775 3523 καὶ
1800 3487 1911 3537 προ
1935 3468 2002 3526 D.
2041 3499 2103 3508 --
2140 3475 2206 3524 59
2242 3473 2295 3525 θ’
2320 3471 2501 3526 omibt.
2528 3471 2686 3530 Cant.

403 3536 721 3601 ὀρυγμαδὸς
757 3533 798 3588 C
839 3541 882 3600 g.
920 3550 1069 3589 man.
1098 3532 1215 3588 GH.
1254 3565 1319 3573 —-
1356 3542 1421 3589 60
1455 3535 1509 3590 οἳ
1543 3538 1596 3590 δ’
1618 3535 1676 3589 L.
1715 3537 1822 3591 οἵδ’
1852 3536 1963 3595 CH.
2000 3539 2070 3604 δή
2109 3539 2165 3592 ἐς
2200 3537 2267 3591 D.
2304 3539 2530 3596 ἵκοντοε
2567 3541 2687 3596 ἵκα-

405 3618 508 3655 νον
543 3600 602 3656 L.
637 3619 721 3670 γρ.
757 3601 958 3655 ἵκανον
994 3602 1058 3654 A.
1097 3619 1182 3669 γρ.
1221 3605 1311 3658 καὶ
1344 3603 1544 3658 ἵκανον
1579 3603 1748 3659 Μοεο.
1788 3611 1831 3658 1.
1867 3634 1933 3644 -—-
1968 3610 2031 3658 61
2069 3607 2277 3673 ῥηνοὺς
2303 3606 2372 3660 D.
2409 3624 2509 3663 ςυν
2544 3611 2595 3663 δ’
2619 3608 2686 3666 D.

401 3699 472 3709 --
506 3675 572 3723 62
606 3670 1098 3737 χαλκεοθωρήκων
1133 3672 1199 3725 A.
1244 3672 1423 3738 αὐτὰρ
1457 3670 1619 3726 CDG.
1666 3703 1732 3713 —
1776 3677 1843 3728 63
1878 3675 2156 3742 ἔμπληντ’
2201 3673 2369 3729 Mose.
2414 3683 2462 3730 3.
2517 3677 2685 3745 ἀλλή-

401 3774 541 3825 λοιςι
566 3770 723 3849 Cant.
743 3739 1075 3839 T'sffimuabbc
1101 3771 1193 3827 CD
1219 3775 1348 3841 post
1371 3789 1473 3827 ras,
1501 3772 1619 3828 GH.
1645 3803 1712 3813 ——
1735 3779 1801 3827 64
1826 3776 1942 3828 ἐνθ’
1965 3776 2080 3839 ἅμα
2112 3775 2332 3842 οἰμωγή
2353 3775 2401 3830 G
2426 3777 2682 3835 Ammon.

400 3839 473 3892 de
511 3838 639 3892 D1ff.
673 3857 714 3894 s.
752 3857 804 3893 v.
838 3841 968 3907 ἅμα.
1016 3842 1134 3895 ἔνθ’
1177 3843 1272 3906 ἅμ’
1318 3842 1386 3906 C,
1432 3842 1585 3896 conf.
1628 3844 1679 3898 Δ
1713 3848 1829 3897 450.
1881 3843 2001 3896 ἔνθ’
2043 3846 2150 3910 ἄρα
2185 3842 2244 3897 L.
2280 3874 2346 3883 -
2392 3850 2458 3899 65
2492 3848 2557 3899 τὲ
2592 3849 2683 3901 καὶ

401 3907 514 3961 AC.
547 3924 611 3961 τε
649 3907 830 3964 omitt.
867 3909 1124 3963 Ammon.
1159 3909 1195 3962 l.
1232 3908 1271 3967 l.
1309 3909 1454 3963 conf.
1492 3910 1544 3964 Δ
1580 3916 1694 3965 451.
1733 3940 1797 3950 -
1832 3916 1899 3965 67
1935 3910 2110 3965 πίπτε
2145 3910 2502 3967 ACDEGHL.

536 4109 602 4162 A.
638 4128 687 4163 c.
756 4117 824 4167 48
859 4115 994 4167 ἔνθα
1029 4129 1093 4167 τε
1130 4111 1196 4165 G.
1224 4113 1578 4168 Hel-mannus
1611 4114 1684 4168 ad
1707 4113 1909 4183 Hymn.
1946 4115 2004 4166 in
2033 4113 2170 4171 Ven.
2195 4121 2286 4181 593
2323 4115 2466 4170 conf.
2491 4118 2539 4171 Ζ
2564 4123 2681 4182 245,

395 4184 517 4242 240,
553 4180 601 4232 Ψ
636 4185 753 4236 680.
790 4210 857 4218 -
892 4186 958 4234 54
992 4183 1142 4236 τινὲς
1178 4183 1451 4250 γράφουςι
1485 4184 1576 4236 τοὶ
1611 4185 1661 4235 δ’
1696 4182 1897 4236 αὐτόθι
1912 4177 2291 4250 ’θωρήςςοντο
2317 4182 2498 4238 Schol.
2524 4186 2588 4238 A.
2616 4221 2680 4229 -

392 4252 464 4301 55
501 4247 848 4303 ὡπλίζοντοε
885 4248 1212 4316 ἀρίςταρχος
1247 4251 1336 4304 διὰ
1370 4255 1473 4304 τοῦ
1519 4268 1551 4305 ο
1596 4250 1899 4305 ὁπλίζοντο
1934 4249 2285 4318 Didymus,
2329 4251 2474 4310 conf.
2511 4253 2578 4307 H.
2616 4253 2680 4308 Τ.

393 4320 516 4368 424.
556 4345 617 4353 -
655 4320 722 4370 68
758 4317 1150 4386 ἀμφιβεβήκειε
1188 4336 1273 4387 γρ.
1308 4319 1410 4376 ςὺν
1443 4325 1529 4388 τῷ
1571 4326 1616 4371 ’ν
1653 4319 2083 4386 ἀμφιβεβήκειν,
2120 4320 2263 4374 conf.
2290 4319 2358 4374 H.
2385 4318 2447 4373 T.
2478 4327 2572 4377 194
2597 4339 2679 4391 sq.
