3144 5006
437 465 566 529 252
1362 466 1702 521 ΙΛΙΑΔΟ(
1763 465 1832 522 Φ.

607 620 773 698 πρὸς
816 621 1043 702 πόλιν,
1088 622 1127 705 ᾗ
1173 641 1295 701 περ
1340 620 1582 699 Ἀχαιοὶ
1626 621 2006 698 ἀτυζόμενοι
2052 622 2383 702 φοβέοντο

521 727 560 786 5
604 722 790 801 ἤματι
833 730 927 805 τῷ
970 724 1302 807 προτέρῳ,
1348 723 1456 789 ὅτε
1502 723 1761 804 μαίνετο
1808 724 2106 804 φαίδιμος
2150 725 2423 804 Ἕκτωρ·

607 833 686 911 τῇ
733 824 790 905 ῥ’
836 825 901 891 οἵ
942 846 1015 902 γε
1059 827 1431 906 προχέοντο
1476 826 1867 908 πεφυζότες,
1910 824 2071 906 ἠέρα
2114 827 2171 891 δ’
2214 828 2377 907 Ἥρη

613 927 805 993 πίτνα
849 929 1085 1008 πρόςθε
1136 931 1397 1007 βαθεῖαν
1442 928 1779 1009 ἐρυκέμεν·
1825 925 2070 1005 ἡμίςεες
2115 931 2188 994 δὲ

609 1031 676 1094 ἐς
720 1031 1014 1111 ποταμὸν
1060 1028 1346 1096 εἰλεῦντο
1393 1027 1757 1110 βαθύῤῥοον
1803 1028 2267 1110 ἀργυροδίνην,

496 1206 505 1216 ‚
611 1132 684 1198 ἐν
728 1133 784 1198 δ’
829 1131 1063 1198 ἔπεςον
1110 1133 1369 1217 μεγάλῳ
1413 1132 1718 1215 πατάγῳ,
1766 1131 1965 1212 βράχε
2008 1133 2066 1198 δ’
2110 1132 2267 1197 αἰπὰ
2313 1133 2573 1213 ῥέεθρα,

488 1241 567 1299 10
612 1233 799 1314 ὄχθαι
844 1235 901 1300 δ’
945 1233 1109 1315 ἀμφὶ
1151 1236 1297 1314 περὶ
1339 1234 1562 1314 μεγάλ’
1604 1233 1823 1314 ἴαχον·
1869 1234 1934 1298 οἳ
1979 1234 2036 1299 δ’
2080 1222 2379 1318 ἀλαλητῷ

611 1336 843 1402 ἔννεον
887 1336 1043 1402 ἔνθα
1088 1337 1187 1401 καὶ
1230 1335 1388 1402 ἔνθα
1432 1337 1824 1416 ἑλιςςόμενοι
1867 1337 2014 1415 περὶ
2057 1337 2251 1403 δίνας.

618 1438 707 1503 ὡς
753 1438 811 1504 δ’
854 1439 950 1505 ὅθ’
992 1439 1123 1504 ὑπὸ
1170 1437 1358 1518 ῥιπῆς
1400 1441 1608 1518 πυρὸς
1651 1437 1903 1518 ἀκρίδες
1948 1438 2323 1521 ἠερέθονται

617 1541 1007 1622 φευγέμεναι
1050 1541 1345 1621 ποταμὸν
1391 1542 1490 1606 δέ·
1533 1542 1613 1607 τὸ
1657 1546 1729 1608 δὲ
1773 1544 1998 1624 φλέγει
2043 1543 2368 1623 ἀκάματον
2413 1547 2541 1620 πῦρ

612 1643 892 1723 ὄρμενον
939 1642 1276 1727 ἐξαίφνης,
1318 1645 1422 1709 ταὶ
1467 1644 1539 1708 δέ
1582 1645 1935 1710 πτώςςουςι
1980 1646 2117 1710 καθ’
2160 1644 2366 1723 ὕδωρ·

491 1752 568 1809 15
614 1746 702 1810 ὣς
749 1745 857 1810 ὑπ’
900 1746 1231 1824 Ἀχιλλῆος
1276 1744 1538 1811 Ξάνθου
1585 1748 2074 1826 βαθυδινήεντος

606 1850 817 1927 πλῆτο
864 1846 1019 1927 ῥόος
1064 1848 1356 1913 κελάδων
1400 1848 1608 1929 ἐπιμὶξ
1646 1848 1868 1916 ἵππων
1912 1871 1980 1914 τε
2024 1853 2126 1915 καὶ
2170 1847 2442 1929 ἀνδρῶν.

785 1948 987 2030 αὐτὰρ
1032 1950 1071 2015 ὁ
1115 1951 1414 2029 διογενὴς
1457 1950 1637 2030 δόρυ·
1664 1954 1779 2033 μὲν
1826 1953 2008 2017 λίπεν
2058 1952 2258 2017 αὐτοῦ
2302 1953 2402 2016 ἐπ’
2448 1949 2611 2035 ὄχθῃ

607 2053 982 2130 κεκλιμένον
1026 2053 1380 2137 μυρίκῃςιν,
1427 2054 1466 2117 ὃ
1512 2054 1569 2117 δ’
1615 2053 1840 2136 ἔςθορε
1886 2053 2139 2135 δαίμονι
2183 2053 2354 2137 ἷςος,

605 2154 944 2237 φάςγανον
991 2154 1140 2220 οἷον
1187 2155 1392 2238 ἔχων,
1436 2156 1598 2220 κακὰ
1643 2157 1716 2221 δὲ
1758 2156 1943 2237 φρεςὶ
1988 2156 2221 2235 μήδετο
2267 2155 2458 2237 ἔργα,

479 2264 562 2322 20
604 2257 798 2321 τύπτε
842 2258 900 2321 δ’
945 2256 1458 2338 ἐπιςτροφάδην·
1505 2260 1637 2323 τῶν
1683 2260 1756 2323 δὲ
1802 2260 2027 2324 ςτόνος
2068 2258 2301 2337 ὤρνυτ’
2345 2256 2557 2339 ἀεικὴς

609 2357 757 2439 ἄορι
802 2358 1233 2437 θεινομένων,
1281 2359 1650 2440 ἐρυθαίνετο
1698 2362 1756 2427 δ’
1797 2361 2010 2442 αἵματι
2058 2360 2249 2440 ὕδωρ.

569 2614 637 2668 V.
676 2634 726 2668 L.
796 2620 829 2667 4
874 2615 1058 2680 ἀχαιοὶ
1104 2612 1257 2668 ADG
1306 2613 1426 2683 Syr.
1481 2615 1534 2669 οί
1580 2617 1740 2671 ἄλλοι
1787 2615 1969 2670 CHLS
2015 2615 2156 2669 Ven.
2204 2615 2267 2668 B.
2315 2615 2458 2684 Lips.
2507 2613 2722 2670 Townl.

436 2683 591 2745 Vrat.
626 2683 685 2737 b.
724 2682 776 2742 d,
815 2683 879 2740 A.
927 2681 1096 2736 Mose.
1137 2689 1183 2735 2.
1231 2683 1412 2748 ἀχαιοὶ
1449 2686 1483 2749 ἢ
1533 2685 1677 2737 κατά
1721 2701 1877 2739 τινας
1923 2687 1977 2739 οἱ
2023 2686 2184 2737 ἄλλοι
2229 2683 2381 2756 Ειιεί,
2431 2689 2588 2744 1219,
2637 2689 2725 2736 37.

432 2770 518 2819 γρ.
558 2755 726 2819 ἥιπερ
761 2752 816 2806 οί
852 2751 1012 2804 ἄλλοι
1050 2753 1114 2803 Α.
1150 2781 1214 2789 -
1253 2758 1284 2804 5
1318 2754 1490 2816 ἤματι
1526 2751 1646 2805 DH.
1696 2755 1784 2806 ὅτ’
1828 2753 2089 2817 ἐμαίνετο
2125 2751 2263 2805 ΑΟΕ
2307 2750 2440 2804 Ven.
2480 2749 2539 2802 B.
2577 2749 2725 2803 Flor.

438 2820 597 2874 Rom.
635 2818 817 2876 Schol.
856 2823 886 2885 β
928 2826 971 2875 1.
1010 2817 1465 2874 ΟΤΕΜΑΙΝΕΤΟ
1493 2818 1616 2888 Syr.
1647 2851 1709 2858 —
1748 2826 1778 2873 6
1815 2837 1886 2874 πε
1938 2822 2139 2886 υγότες
2164 2819 2397 2873 Tzetzes
2433 2817 2613 2886 Alleg.
2642 2823 2724 2871 13.

366 2916 373 2925 ·
432 2920 498 2929 —-
535 2895 564 2943 7
602 2888 847 2955 πρόςθεν
884 2886 951 2939 Η.
998 2887 1139 2952 πρός
1174 2902 1238 2940 τε
1275 2885 1336 2940 L.
1376 2917 1441 2925 —
1478 2892 1510 2940 8
1558 2887 1816 2942 εἰλεῦντο
1862 2887 1905 2941 Ε
1999 2889 2155 2972 Vra}
2202 2887 2257 2976 p.
2301 2917 2355 2925 -
2403 2888 2536 2973 q'tv
2569 2888 2620 2940 δ’
2652 2888 2721 2942 Α.

432 2987 498 3103 ζ
538 2963 600 3078 ῗῗ
636 2956 944 3078 {33:¹3¹
981 2953 2204 3093 ἂιεῗέῥῐὲᾙῖμιιὲῐὰῑιῖῗφὲεἷῗρὶιὲἓῖ·ιῗὲιῖ
2245 2954 2324 3076 1¹3³:
2363 2952 2726 3100 ffifssacffilff's'

431 3093 580 3162 laps.
617 3109 759 3146 κατα
796 3091 847 3144 H
885 3090 1004 3179 Syr.
1040 3108 1127 3158 γρ.
1164 3093 1308 3144 κατὰ
1344 3092 1498 3145 δίνας
1536 3095 1600 3145 A.
1651 3123 1711 3131 -
1767 3099 1823 3144 12
1860 3095 1973 3147 ὑπὸ
2025 3090 2177 3145 ADH
2216 3090 2338 3158 Syr.
2382 3089 2529 3159 Llps.
2567 3087 2726 3143 Vrat.

433 3161 489 3215 b.
528 3161 581 3214 d.
618 3159 790 3217 Mose.
827 3167 876 3213 2.
911 3161 1049 3213 υπαὶ
1087 3157 1284 3214 CGLS.
1330 3161 1444 3214 ὑπὸ
1483 3162 1517 3226 ἢ
1563 3162 1704 3215 ὑπαὶ
1749 3159 1901 3219 Ειιέί,
1948 3161 2255 3227 ἠερέθοντο
2291 3158 2334 3211 L
2368 3157 2516 3225 Lips.
2557 3188 2617 3196 —
2658 3162 2724 3211 13

436 3298 695 3363 ποταμὸν
739 3298 801 3350 δέ
847 3295 964 3348 AD.
1008 3276 1468 3351 ΠΟΤΑΜΟΝΔὲ
1517 3297 1638 3366 Syr.
1688 3327 1750 3336 -—
1802 3302 1862 3349 14
1908 3299 2151 3363 δρμενον
2198 3294 2309 3350 OD.
2356 3242 2607 3361 bpffivov
2653 3292 2721 3348 H.

440 3396 501 3404 —
544 3371 605 3420 15
641 3365 720 3418 ώς
758 3363 823 3415 A.
863 3365 1092 3432 ἀχϊλῆος
1130 3363 1187 3422 C.
1225 3366 1661 3469 Banilevroc
1689 3367 1750 3424 A,
1788 3366 1903 3420 ὑπὸ
1940 3366 2230 3432 δινήεντος
2256 3363 2321 3418 D.
2361 3393 2424 3402 —
2466 3367 2527 3417 16
2563 3364 2724 3416 κελά-

433 3463 537 3556 δῗῖν
579 3499 648 3554 Η.
684 3500 885 3555 emtum
921 3502 985 3554 τὲ
1021 3499 1185 3555 Acn.
1231 3531 1295 3539 -
1344 3506 1406 3555 17
1444 3502 1477 3555 δ
1524 3499 1824 3556 ACDGHL
1861 3500 1947 3559 Ει.
1993 3499 2106 3570 Mg.
2151 3506 2270 3565 645,
2308 3507 2389 3552 ρο.
2435 3477 2719 3554 εΝὸχοΗ

434 3568 554 3648 Syr.
593 3570 684 3622 ἐπ’
721 3570 912 3634 ὄχθαις
950 3567 996 3622 G
1034 3566 1178 3621 Flor.
1214 3569 1305 3622 ἐπ’
1343 3571 1482 3638 ὄχθῃ
1521 3567 1854 3622 ACDEHLS
1901 3569 2057 3622 Cant.
2106 3569 2245 3622 Mor.
2291 3567 2517 3621 Barocc.
2564 3563 2722 3621 Harl.

433 3637 582 3706 Llps.
622 3636 779 3690 Vrat.
816 3638 879 3692 A.
925 3636 1095 3690 Mose.
1132 3643 1180 3692 2.
1228 3636 1316 3690 Et.
1352 3636 1465 3706 Mg.
1502 3642 1619 3694 645.
1658 3643 1740 3689 20.
1787 3666 1850 3675 -
1903 3643 1965 3691 18
2000 3637 2349 3702 κεκλϋμένον
2384 3632 2449 3691 Η.
2498 3636 2531 3688 ὃ
2567 3636 2617 3689 δ’
2651 3632 2720 3686 D.

432 3708 517 3759 ὅδ’
552 3704 759 3762 CGHL.
798 3706 988 3772 ἔςθορε
1027 3703 1256 3759 ACHLS
1293 3703 1415 3772 Syr.
1463 3704 1623 3759 Cant.
1673 3703 1815 3758 Mor.
1864 3704 2089 3760 Barocn.
2126 3704 2287 3758 Harl.
2325 3703 2472 3772 Lips.
2508 3702 2721 3760 Townl,

434 3773 591 3827 Vrat.
628 3773 695 3829 A.
742 3775 941 3841 ἔνθορε
977 3773 1045 3827 D.
1094 3791 1180 3841 γρ.
1218 3776 1307 3826 καὶ
1353 3774 1550 3839 ἔνθορε
1587 3774 1653 3825 A.
1701 3775 1931 3840 ἔςθορεν
1975 3777 2008 3839 ἢ
2058 3774 2254 3838 ἔνθορε
2291 3771 2444 3827 Euat.
2487 3777 2632 3834 1221,
2671 3776 2722 3827 4.

432 3844 629 3910 ἔκθορε
667 3841 713 3896 G
748 3841 897 3965 {¹¹23
932 3839 1019 3964 Ιγὲρζ
1058 3843 1150 3895 καὶ
1186 3842 1383 3907 ἔκθορε
1420 3839 1632 3896 Townl.
1672 3870 1736 3879 —-
1773 3847 1838 3894 20
1874 3842 2292 3909 ἐπιςτροφάδην
2329 3841 2387 3895 C.
2428 3840 2623 3906 ὄρνυτ’
2657 3836 2725 3898 Ε,

432 3941 495 3949 -
536 3918 597 3963 21
639 3925 785 3964 con.
1012 3915 1130 3964 484.
1945 3916 2030 3939 Ψ

573 4167 639 4222 A.
678 4184 725 4219 c.
801 4173 852 4220 11
895 4168 1120 4221 ἔννεονε
1175 4168 1312 4221 ἔνιαι
1367 4172 1489 4220 τῶν
1542 4169 1687 4220 κατὰ
1741 4166 1935 4220 πόλεις
1988 4165 2219 4232 νήχοντ“
2271 4161 2616 4230 Didymus.
2657 4192 2724 4201 —

437 4243 499 4290 12
535 4236 675 4292 ὑπὸ.
712 4235 856 4294 conf,
895 4234 962 4288 H.
1000 4235 1067 4289 U.
1106 4241 1186 4294 62,
1230 4266 1291 4276 -
1336 4240 1397 4289 18
1433 4235 1466 4288 ὃ
1502 4236 1580 4287 δ’;
1618 4236 1703 4289 ὁδ’
1736 4232 2053 4302 Pythoclea.
2088 4234 2281 4299 ἐςθορε
2316 4232 2536 4294 δαίμονι
2571 4231 2722 4284 ϊςοςι

436 4306 498 4358 ἐν
533 4303 703 4357 ἐνίαις
748 4304 798 4355 δ’
842 4305 968 4371 αἶψ’
1003 4304 1300 4371 ἐςόρουςεν
1345 4302 1529 4356 Schol.
1566 4305 1631 4358 A.
1676 4304 1812 4355 ἔνιοι
1856 4302 1916 4355 δὲ
1957 4301 2266 4368 γράφουςιν
2301 4299 2476 4353 αὐτὸς
2510 4300 2562 4349 δ’
2595 4299 2726 4364 αἶψ’

435 4373 767 4437 ἐπόρουςεν,
831 4370 983 4440 quod
1048 4370 1341 4426 Bekkerus
1405 4370 1479 4424 ad
1538 4389 1622 4426 vs.
1679 4377 1745 4424 33
1805 4369 2044 4427 rettulit.
2101 4367 2353 4436 Heyniue
2404 4366 2724 4434 suspicatur

436 4437 705 4506 scriptum
744 4439 909 4493 fuisse
945 4439 1121 4493 αὐτὸς
1157 4442 1208 4493 δ’
1243 4441 1368 4505 αἶψ’
1402 4440 1697 4505 ἐςόρουςεν
1736 4439 2022 4505 Ἀχιλλεὺς
2057 4437 2276 4503 δαίμονι
2309 4436 2447 4492 ῑςος.
2493 4476 2507 4482 -
