3144 5006
1359 406 1688 463 ΙΛΙΑΔΟ(
1737 407 1828 461 ΙΧ.
2611 409 2735 473 247

623 563 724 628 καί
769 562 833 628 οἱ
877 563 1005 629 ὑπὸ
1053 564 1351 647 ςκήπτρῳ
1396 562 1670 641 λιπαρὰς
1712 562 1995 628 τελέουςι
2041 564 2344 640 θέμιςτας.

622 665 821 730 ταῦτά
863 664 932 728 κέ
977 664 1041 729 οἱ
1084 665 1396 744 τελέςαιμι
1442 665 1857 743 μεταλήξαντι
1901 664 2147 744 χόλοιο.

622 767 950 847 δμηθήτω·
994 765 1201 844 Ἀίδης
1245 786 1344 831 τοι
1388 765 1712 846 ἀμείλιχος
1755 764 1855 843 ἠδ’
1897 765 2288 843 ἀδάμαςτος·

621 868 895 934 τοῦνεκα
939 870 1040 933 καί
1083 888 1153 933 τε
1201 870 1481 948 βροτοῖςι
1526 872 1697 933 θεῶν
1742 867 2026 947 ἔχθιςτος
2069 866 2397 933 ἁπάντων.

459 977 580 1035 160
621 970 722 1036 καί
765 992 873 1051 μοι
917 970 1285 1053 ὑποςτήτω,
1331 969 1524 1035 ὅςςον
1571 968 2011 1050 βαςιλεύτερός
2055 968 2177 1049 εἰμι

498 1121 510 1132 .
621 1071 720 1150 ἠδ’
764 1073 955 1139 ὅςςον
998 1078 1190 1155 γενεῇ
1234 1072 1737 1151 προγενέςτερος
1782 1068 2049 1150 εὔχομαι
2095 1068 2276 1135 εἶναι.

789 1175 907 1240 τὸν
955 1174 1011 1240 δ’
1054 1173 1327 1254 ἠμείβετ’
1370 1172 1592 1239 ἔπειτα
1637 1172 1933 1251 Γερήνιος
1976 1171 2219 1236 ἱππότα
2265 1172 2550 1252 Νέςτωρ·

619 1274 900 1356 Ἀτρείδη
943 1276 1220 1358 κύδιςτε,
1265 1273 1425 1341 ἄναξ
1469 1274 1730 1353 ἀνδρῶν
1774 1273 2193 1356 Ἀγάμεμνον,

620 1380 802 1456 δῶρα
845 1378 961 1455 μὲν
1006 1376 1217 1443 οὐκέτ’
1260 1374 1501 1442 ὀνοςτὰ
1547 1378 1751 1441 διδοῖς
1796 1375 2032 1454 Ἀχιλῆι
2076 1373 2325 1439 ἄνακτι·

459 1485 575 1543 165
620 1478 763 1544 ἀλλ’
807 1478 996 1556 ἄγετε
1041 1478 1313 1558 κλητοὺς
1358 1476 1750 1559 ὀτρύνομεν,
1795 1475 1861 1541 οἵ
1903 1496 1972 1540 κε
2018 1474 2275 1556 τάχιςτα

620 1580 846 1647 ἔλθως’
889 1581 955 1647 ἐς
998 1580 1235 1660 κλιςίην
1279 1579 1663 1660 Πηληιάδεω
1707 1578 2016 1658 Ἀχιλῆος.

619 1682 674 1747 εἰ
717 1682 775 1747 δ’
817 1680 962 1767 ἄγε,
1007 1682 1162 1747 τοὺς
1206 1681 1287 1748 ἂν
1332 1680 1462 1757 ἐγὼ
1507 1680 1894 1762 ἐπιόψομαι,
1941 1680 2007 1744 οἳ
2049 1681 2120 1744 δὲ
2166 1679 2496 1747 πιθὲςθων.

618 1784 841 1850 Φοῖνιξ
886 1786 1002 1864 μὲν
1047 1785 1366 1864 πρώτιςτα
1408 1782 1687 1863 διίφιλος
1728 1780 2081 1865 ἡγηςάςθω,

618 1884 822 1966 αὐτὰρ
867 1886 1065 1951 ἔπειτ’
1107 1883 1259 1951 Αἴας
1303 1906 1371 1951 τε
1414 1885 1608 1964 μέγας
1653 1885 1754 1948 καὶ
1798 1885 1937 1949 δῖος
1981 1883 2341 1949 Ὀδυςςεύς·

452 1993 575 2052 170
618 1987 909 2069 κηρύκων
954 1987 1012 2053 δ’
1054 1987 1268 2053 Ὀδίος
1311 2007 1379 2052 τε
1423 1988 1527 2052 καὶ
1569 1986 1932 2077 Εὐρυβάτης
1976 1984 2080 2065 ἅμ’
2124 1984 2427 2052 ἑπέςθων.

615 2089 813 2170 φέρτε
856 2089 929 2154 δὲ
973 2089 1183 2169 χερςὶν
1230 2087 1439 2173 ὕδωρ,
1485 2087 1839 2170 εὐφημῆςαί
1883 2107 1953 2153 τε
1997 2087 2269 2172 κέλεςθε,

615 2189 796 2271 ὄφρα
838 2191 951 2256 Διὶ
999 2190 1269 2274 Κρονίδῃ
1314 2190 1672 2273 ἀρηςόμεθ’,
1716 2188 1785 2254 αἴ
1827 2190 1880 2254 κ’
1924 2189 2167 2274 ἐλεήςῃ.

784 2292 874 2358 ὣς
917 2291 1123 2375 φάτο,
1167 2296 1328 2358 τοῖςι
1373 2294 1445 2358 δὲ
1487 2294 1674 2358 πᾶςιν
1718 2291 1953 2357 ἑαδότα
1996 2296 2199 2371 μῦθον
2243 2292 2473 2357 ἔειπεν.

615 2393 840 2459 αὐτίκα
882 2395 1147 2473 κήρυκες
1194 2394 1309 2472 μὲν
1353 2392 1531 2472 ὕδωρ
1577 2393 1681 2458 ἐπὶ
1725 2397 1939 2474 χεῖρας
1982 2393 2236 2473 ἔχευαν,

451 2501 568 2560 175
614 2498 836 2576 κοῦροι
880 2496 952 2562 δὲ
996 2499 1308 2576 κρητῆρας
1352 2494 1789 2575 ἐπεςτέψαντο
1828 2498 2084 2579 ποτοῖο,

613 2600 911 2678 νώμηςαν
956 2599 1014 2678 δ’
1057 2598 1183 2678 ἄρα
1227 2601 1413 2663 πᾶςιν
1459 2597 1884 2677 ἐπαρξάμενοι
1929 2598 2278 2664 δεπάεςςιν.

614 2699 817 2779 αὐτὰρ
860 2700 1001 2765 ἐπεὶ
1045 2700 1302 2766 ς-πεῖςάν
1347 2719 1415 2764 τε
1460 2699 1613 2763 πίον
1659 2699 1715 2763 θ’
1759 2698 1915 2765 ὅςον
1960 2698 2146 2777 ἤθελε
2190 2700 2411 2782 θυμός,

448 2825 616 2832 —.--—...

579 2866 646 2920 V.
684 2887 736 2921 1..
801 2872 900 2921 156
939 2868 1052 2922 ὑπο
1089 2865 1208 2922 AD.
1254 2895 1317 2904 —-
1368 2872 1462 2920 157
1501 2866 1592 2921 καί
1636 2866 1689 2922 oi
1731 2864 1771 2920 C
1813 2873 1856 2920 1.
1905 2881 2053 2919 man.
2088 2864 2288 2920 DGHL
2323 2866 2552 2920 Bal-occ.
2590 2867 2725 2923 Mor.

443 2936 817 3002 μεταλήξαντι
852 2933 1044 2988 DEGL
1079 2933 1226 3004 Lips.
1269 2932 1482 2990 Townl.
1519 2933 1678 2988 Vrat.
1712 2934 1766 2991 b.
1806 2936 2180 3000 μεταλάξαντῑ
2213 2934 2279 2987 Η.
2318 2936 2727 3002 μεταλλήξαντι

441 3001 551 3056 AC.
591 3033 653 3042 —
694 3007 790 3057 158
826 3003 1142 3070 ἀμείλικτος
1178 3002 1242 3056 G.
1284 3032 1348 3041 —
1390 3007 1483 3056 159
1521 3003 1613 3056 καί
1647 3019 1711 3068 γε
1749 3001 1818 3057 G.
1866 3001 1958 3057 καί
1993 3019 2046 3055 τι
2081 3000 2218 3055 Mor.
2261 3031 2321 3066 ,—
2367 3009 2463 3056 164
2499 3005 2605 3057 οὐκ
2641 3006 2723 3059 ἐτ’

441 3069 502 3123 Ε.
541 3071 762 3137 ἀχιλλῆῖ
798 3069 864 3127 G.
912 3101 975 3110 -
1022 3077 1118 3125 165
1153 3071 1396 3138 κλητοὺς
1430 3068 1524 3123 AC
1568 3071 1700 3138 post
1740 3086 1846 3127 ras.
1883 3067 2065 3122 DEH:
2114 3072 2366 3124 κλειτοὺς
2404 3070 2445 3124 C
2484 3077 2530 3125 1.
2576 3087 2725 3125 man.

443 3137 576 3191 GLS
632 3137 789 3192 Cant.
844 3137 1069 3202 Batocc.
1124 3138 1263 3191 Mor.
1308 3137 1465 3192 Vraf..
1519 3137 1572 3191 b.
1617 3155 1665 3194 c.
1715 3140 1779 3191 A.
1833 3136 2001 3191 Mose.
2050 3144 2097 3192 3.
2149 3139 2485 3206 ὀτρύνωμεν
2538 3138 2606 3192 D.
2659 3169 2726 3180 -

445 3211 541 3259 166
586 3206 848 3273 ἀχιλλῆος
895 3205 958 3259 G.
1014 3240 1078 3249 —
1128 3211 1222 3260 167
1269 3207 1383 3267 ἐγὼ
1427 3204 1682 3258 ADGHL
1725 3205 1812 3258 Et.
1857 3203 1972 3274 Mg.
2019 3211 2144 3271 362,
2189 3211 2280 3259 36:
2326 3207 2477 3271 ἐγὼν
2523 3206 2627 3261 ΟΕ.
2671 3207 2727 3263 οἳ

442 3275 504 3327 δὲ
547 3273 614 3328 A.
675 3274 792 3328 οἵδε
835 3272 945 3328 HS.
1000 3276 1090 3329 τοὶ
1146 3275 1208 3328 δὲ
1253 3271 1356 3326 CL.
1411 3290 1495 3340 γρ.
1550 3273 1669 3328 οἵδε
1714 3273 1754 3327 C
1800 3288 1946 3327 man.
1993 3289 2102 3330 rec.
2149 3303 2211 3312 —
2265 3279 2358 3326 168
2410 3280 2612 3341 πρῶτα
2657 3275 2724 3330 Η.

442 3342 540 3425 δὲ
558 3342 723 3408 φίλος
767 3339 1129 3395 ACDEGHL.
1175 3370 1241 3381 -—
1289 3345 1385 3395 169
1430 3343 1628 3396 ἔπειτα
1661 3340 1728 3394 D.
1767 3342 1937 3406 μέγας
1980 3358 2045 3395 τε
2082 3339 2146 3393 G.
2184 3371 2246 3381 -—
2291 3347 2386 3396 170
2426 3343 2579 3404 ὁδίος
2614 3343 2724 3398 Ac.
2773 3393 2776 3398 .

443 3427 595 3481 ὅδιός
634 3424 693 3483 L.
730 3427 881 3480 ὁδῖος
915 3424 1090 3480 DGH.
1138 3426 1357 3481 ἑπέςθω
1391 3422 1459 3478 D.
1498 3456 1561 3464 —
1603 3431 1692 3480 171
1732 3427 1795 3480 δὲ
1839 3427 2064 3480 κέλεςθε
2101 3424 2256 3480 CDL.
2298 3442 2363 3491 γε
2400 3428 2622 3482 κέλεςθε
2659 3427 2724 3482 G.

441 3574 508 3584 --
548 3550 641 3598 172
678 3503 1017 3628 xpovstssffl'b,
1055 3562 1159 3599 ωνι
1193 3561 1342 3602 man.
1380 3560 1488 3601 rec.
1528 3545 1850 3612 ἀρεςςάμεθ’
1876 3543 1947 3599 H.
1982 3511 2200 3613 ἐλεήςιι-ῗιι
2219 3544 2278 3599 L.
2321 3574 2383 3584 —
2424 3551 2518 3600 173
2556 3548 2634 3600 ὡς
2660 3549 2724 3601 A.

442 3630 645 3684 ἑαδότα
680 3617 860 3684 DHL.'
883 3618 954 3674 ’-
991 3635 1087 3684 176
1122 3631 1378 3683 δεπάεςςι
1411 3627 1461 3682 D
1502 3634 1544 3681 1.
1584 3645 1734 3682 man.
1771 3659 1836 3667 -
1876 3634 1969 3683 177
2006 3630 2235 3685 ςπείςαν
2268 3645 2361 3684 τε·
2401 3630 2534 3685 πίον
2569 3634 2623 3685 θ’
2655 3632 2721 3684 L:

441 3698 614 3750 ceteri
649 3703 879 3752 ςπεῖςαν
912 3700 967 3751 τ’
1002 3699 1163 3752 ἐπιόν
1200 3698 1253 3752 θ’
1288 3713 1414 3750 cum
1451 3696 1743 3751 Athenaeo
1781 3696 1849 3763 V,
1890 3703 1988 3752 180
2023 3699 2084 3751 et
2118 3696 2301 3751 Schol.
2342 3700 2355 3752 Ι
2393 3703 2508 3751 222.

575 3871 635 3921 A.
673 3884 719 3924 ο.
783 3872 877 3920 157
904 3868 1275 3934 μεταλήξαντι
1294 3866 1666 3932 Ατίείιατοὴιιε,
1693 3865 1836 3919 conf.
1863 3865 2044 3920 Schol.
2072 3872 2187 3921 299.
2216 3898 2273 3905 -
2306 3872 2401 3920 158
2426 3868 2719 3935 δμηθήτωε

443 3935 761 4001 καμφθήτω
796 3934 1200 4004 Aristophanes
1236 3951 1364 3988 oum
1391 3934 1693 3987 Ζεηοᾶοίιο.
1734 3964 1794 3973 -
1840 3940 1933 3988 159
1969 3937 2140 4002 φηςὶν
2176 3937 2208 3989 ὁ
2248 3934 2599 4002 Ἀρίςταρχος
2636 3938 2725 3990 ὅτι

317 4007 336 4015 “
441 4005 577 4056 ἔνιοι
612 4003 978 4058 ὑποτάςςουςι
1012 4004 1203 4068 τούτῳ
1241 4003 1469 4070 ,,οὕνεκ’
1503 4002 1627 4056 ἐπεί
1673 4018 1735 4056 κε
1772 4002 1966 4069 λάβῃςι
2004 4004 2200 4069 πέλωρ
2238 4005 2376 4069 ἔχει,
2414 4003 2534 4056 οὐδ’
2570 4004 2723 4072 ἀνίη-

442 4073 585 4137 ςιν“,
630 4072 734 4124 οὐκ
782 4073 928 4125 εἶναι
969 4072 1030 4125 δὲ
1075 4072 1398 4134 ἀναγκαῖον.
1435 4100 1498 4107 -
1547 4076 1642 4122 164
1678 4072 1847 4124 διδοῖς
1884 4069 2261 4142 ΑτίειίῐιιιιὈΙιιιιιιἸ
2299 4071 2379 4125 ὡς
2414 4071 2621 4136 ὀρθοῖς.
2656 4103 2722 4112 -

443 4142 538 4192 167
574 4139 899 4206 ἀρίςταρχος
943 4140 1083 4205 ἐγώ,
1132 4139 1290 4193 ἄλλοι
1334 4140 1396 4192 δὲ
1443 4138 1592 4203 ἐγών
1630 4137 1971 4206 Didymus,
2026 4137 2081 4190 οἳ
2114 4139 2177 4192 δὲ
2211 4111 2587 4192 Herodianus:
2626 4140 2723 4193 alfi

439 4206 573 4260 οἶδε.
599 4236 662 4245 --
690 4212 786 4260 170
812 4207 1068 4261 ἑπέςθων
1092 4208 1218 4260 ἀντὶ
1241 4211 1346 4260 τοῦ
1374 4207 1712 4261 ἑπέςθωςαν.
1746 4222 1832 4274 γρ.
1858 4207 1919 4259 δὲ
1944 4208 2036 4259 καὶ
2061 4208 2232 4273 χωρὶς
2254 4210 2358 4260 τοῦ
2384 4214 2431 4256 V
2459 4206 2718 4264 Schol.A.

440 4302 502 4394 'f
543 4279 638 4327 177
672 4276 949 4396 γέάφᾶται
986 4275 1214 4329 ςπεῑςάν
1246 4291 1311 4330 τε
1348 4275 1481 4330 πίον
1516 4276 1569 4328 θ’
1606 4273 1789 4332 Schol.
1824 4274 1891 4328 A.
1926 4274 2011 4328 ita
2042 4273 2422 4342 Aristarchum
2469 4277 2614 4329 conf.
2652 4276 2720 4329 H.

490 4381 503 4394 .
537 4347 663 4407 4243
756 4384 766 4395 .
861 4384 872 4395 .
912 4348 995 4399 99.
