3144 5006
1325 395 1657 449 ΙΛΙΑΔΟ(
1706 394 1826 448 vll.
2587 391 2712 456 203

595 548 695 614 καί
739 549 818 617 νύ
865 570 931 615 κε
978 551 1057 630 δὴ
1102 550 1369 631 ξιφέεςς’
1411 549 1806 629 αὐτοςχεδόν
1850 548 2231 625 οὐτάζοντο,

597 650 649 717 εἰ
691 654 772 732 μὴ
817 653 1112 731 κήρυκες,
1157 652 1320 716 Διὸς
1363 649 1629 729 ἄγγελοι
1674 652 1787 731 ἠδὲ
1831 651 1935 715 καὶ
1977 651 2260 732 ἀνδρῶν,

428 759 550 817 275
598 753 830 837 ἦλθον,
875 753 914 818 ὃ
961 753 1400 836 μὲν’“Ι“ρώων,
1445 754 1484 818 ὃ
1528 753 1586 817 δ’
1630 753 1901 831 Ἀχαιῶν
1947 754 2466 833 χαλκοχιτώνων,

594 854 947 937 Ταλθύβιός
992 875 1060 920 τε
1105 856 1209 920 καὶ
1249 855 1505 932 Ἰδαῖος,
1550 856 1935 934 πεπνυμένω
1979 853 2203 936 ἄμφω·

596 958 797 1040 μέςςῳ
840 958 898 1023 δ’
940 956 1330 1038 ἀμφοτέρων
1376 959 1659 1036 (κῆπτρα
1701 956 1959 1035 (χέθον,
2006 955 2148 1020 εἶπέ
2193 976 2261 1021 τε
2305 961 2505 1034 μῦθον

595 1063 787 1139 κῆρυξ
830 1059 1088 1136 Ἰδαῖος,
1135 1059 1509 1139 πεπνυμένα
1551 1057 1753 1137 μήδεα
1798 1059 2014 1123 εἰδώς·

766 1161 980 1240 μηκέτι
1025 1162 1215 1225 παῖδε
1259 1160 1432 1241 φίλω
1477 1159 1877 1239 πολεμίζετε,
1925 1162 2081 1241 μηδὲ
2125 1161 2465 1240 μάχεςθον·

430 1270 555 1328 280
597 1262 948 1344 ἀμφοτέρω
990 1262 1114 1341 γὰρ
1161 1266 1326 1343 (φῶι
1372 1264 1548 1343 φιλεῖ
1592 1260 2066 1343 νεφεληγερέτα
2109 1262 2303 1326 Ζεύς·

443 1355 450 1361 ’
595 1363 791 1445 ἄμφω
834 1363 893 1429 δ’
935 1363 1234 1444 αἰχμητά·
1281 1365 1356 1428 τό
1399 1383 1473 1440 γε
1518 1365 1595 1443 δὴ
1642 1365 1743 1428 καὶ
1786 1363 1966 1443 ἴδμεν
2011 1362 2308 1428 ἅπαντα.

597 1466 707 1531 νὺξ
753 1466 810 1531 δ’
852 1466 973 1545 ἤδη
1018 1465 1288 1530 τελέθει·
1335 1465 1583 1542 ἀγαθὸν
1629 1465 1728 1529 καὶ
1772 1466 1948 1531 νυκτὶ
1991 1466 2291 1541 πιθέςθαι.

763 1568 881 1633 τὸν
925 1567 981 1632 δ’
1025 1566 1532 1649 ἀπαμειβόμενος
1579 1567 1870 1647 προςέφη
1916 1566 2326 1645 Τελαμώνιος
2371 1566 2548 1631 Αἴας·

597 1669 793 1746 Ἰδαῖ’,
837 1669 1109 1749 Ἕκτορα
1153 1672 1352 1733 ταῦτα
1394 1668 1686 1733 κελεύετε
1730 1668 2143 1747 μυθήςαςθαι·

431 1776 551 1834 285
596 1770 791 1835 αὐτὸς
835 1770 957 1850 γὰρ
1003 1768 1210 1853 χάρμῃ
1255 1771 1732 1849 προκαλέςςατο
1777 1770 2022 1835 πάντας
2065 1768 2371 1848 &pic-tout.

597 1871 873 1952 ἀρχέτω·
921 1870 1124 1952 αὐτὰρ
1169 1870 1298 1947 ἐγὼ
1343 1872 1512 1951 μάλα
1556 1870 1847 1949 πείεομαι
1892 1872 1928 1955 ᾗ
1976 1890 2096 1949 περ
2143 1871 2223 1936 ἂν
2268 1870 2480 1937 οὗτος.

763 1975 879 2039 τὸν
923 1974 980 2038 δ’
1022 1972 1175 2038 αὖτε
1219 1974 1558 2054 προςέειπε
1604 1973 1798 2053 μέγας
1842 1973 2265 2065 κορυθαίολος
2309 1974 2581 2052 Ἕκτωρ·

593 2074 783 2154 Αἶαν,
830 2074 966 2139 ἐπεί
1009 2094 1107 2140 τοι
1152 2079 1318 2140 δῶκε
1363 2077 1510 2141 θεὸς
1556 2074 1822 2153 μέγεθός
1865 2096 1935 2139 τε
1980 2075 2120 2156 βίην
2163 2095 2229 2139 τε

594 2178 693 2241 καὶ
737 2177 1039 2260 πινυτήν,
1084 2178 1226 2256 περὶ
1269 2178 1327 2241 δ’
1370 2178 1542 2257 ἔγχει
1588 2178 1861 2256 Ἀχαιῶν
1906 2177 2226 2257 φέρτατός
2271 2176 2424 2259 ἐ((ι,

430 2282 554 2343 290
596 2281 714 2345 νῦν
757 2279 872 2357 μὲν
917 2278 1335 2359 παυςώμεςθα
1379 2278 1582 2359 μάχης
1627 2279 1731 2343 καὶ
1774 2281 2113 2358 δηιοτῆτος

596 2381 898 2460 ςήμερον·
943 2379 1208 2459 ὕςτερον
1253 2379 1405 2445 αὖτε
1450 2380 1850 2463 μαχηςόμεθ’,
1896 2378 1981 2443 εἰ(
2027 2378 2065 2444 ὅ
2112 2400 2180 2444 κε
2227 2379 2470 2460 δαίμων

595 2483 757 2561 ἄμμε
803 2481 1120 2566 διακρίνῃ,
1166 2481 1304 2567 δώῃ
1350 2482 1407 2547 δ’
1450 2481 1718 2562 ἑτέροιςί
1761 2482 1833 2559 γε
1881 2481 2091 2561 νίκην·

593 2583 706 2649 νὺξ
752 2584 809 2649 δ’
850 2581 970 2662 ἤδη
1014 2584 1286 2649 τελέθει·
1334 2583 1585 2661 ἀγαθὸν
1628 2586 1729 2649 καὶ
1772 2586 1950 2649 νυκτὶ
1993 2584 2303 2650 πιθέεθαι·

593 2683 685 2749 ώ(
728 2684 801 2751 (ύ
843 2685 899 2750 τ’
940 2684 1265 2769 ἐυφρήνῃς
1308 2685 1553 2751 πάντας
1599 2686 1775 2765 παρὰ
1816 2686 2033 2764 νηυςὶν
2076 2685 2400 2769 Ἀχαιούς,

427 2790 549 2849 295
595 2785 745 2851 (ούς
789 2805 870 2851 τε,
902 2787 1163 2865 μάλιςτα
1207 2785 1355 2852 ἔτας
1400 2788 1502 2852 καὶ
1547 2788 1869 2871 ἑταίρους,
1916 2786 1981 2852 οἵ
2024 2807 2123 2852 τοι
2169 2787 2373 2854 ἔαςιν·

592 2886 796 2967 αὐτὰρ
840 2888 970 2964 ἐγώ
1017 2889 1175 2953 κατὰ
1218 2887 1371 2953 ἄςτυ
1415 2889 1577 2967 μέγα
1618 2888 1939 2968 Πριάμοιο
1986 2887 2259 2954 ἄνακτος

559 3139 625 3194 V.
663 3159 711 3193 ι.
781 3147 880 3195 273
916 3142 1152 3207 ξιφὲεςςι
1196 3140 1259 3194 G.
1304 3171 1368 3182 —-
1416 3147 1517 3195 275
1551 3145 1762 3210 τρῴων
1799 3141 1906 3194 GL.
1952 3145 2037 3196 ὅδ’
2072 3140 2226 3196 CHL.
2264 3171 2328 3181 —
2372 3147 2470 3195 277
2510 3143 2708 3203 μέςςον

425 3207 572 3262 Harl.
611 3210 795 3274 μέςςοι
828 3206 888 3266 Ε.
926 3210 1234 3277 ἀμφοτέρω
1273 3208 1438 3262 Mose.
1483 3217 1524 3264 1.
1561 3238 1626 3247 —-
1663 3214 1764 3265 278
1802 3214 1972 3330 uffo}
2009 3208 2236 3263 ACGH:
2285 3211 2457 3278 κήρυξ
2493 3209 2604 3264 DL.
2642 3241 2705 3250 -

421 3281 521 3330 279
556 3278 630 3343 μὴ
678 3277 741 3331 κέ
785 3293 839 3330 τι
875 3274 985 3330 CD.
1037 3278 1110 3343 μὴ
1156 3278 1218 3330 δὲ
1252 3275 1513 3331 CDGHL.
1569 3277 1805 3344 μάχεςθε
1896 3293 2071 3331 arocc.
2119 3275 2257 3331 Mor.
2307 3276 2520 3332 Gellius
2554 3277 2706 3344 xm,

417 3349 505 3409 25,
549 3349 624 3398 18.
671 3345 930 3410 μάχεςθαι
967 3342 1024 3397 L.
1077 3374 1131 3383 -
1183 3349 1287 3399 280
1321 3351 1493 3410 (φῶιε
1534 3349 1693 3411 (φῶε
1728 3345 1798 3398 Η.
1844 3377 1905 3386 -
1951 3351 2044 3398 281
2096 3345 2357 3411 αἰχμηταὶ
2394 3345 2443 3399 G
2478 3345 2704 3401 Bal-ooo.

424 3409 561 3464 Mor.
598 3441 661 3450 —
698 3417 798 3466 282
834 3414 884 3465 δ’
908 3411 1090 3465 omitt.
1114 3410 1185 3465 H.
1228 3441 1283 3451 —-
1323 3415 1663 3479 284.ἕκτορα
1689 3412 1943 3468 ACDLS:
1979 3415 2166 3479 ἕκτορι
2207 3412 2353 3465 EGH
2376 3412 2522 3483 Lips.
2564 3414 2704 3468 Ven.

422 3477 486 3532 B.
525 3507 589 3518 —-
624 3484 727 3533 285
760 3480 961 3534 αὐτὸςι
997 3480 1168 3534 οὗτος
1203 3477 1308 3535 EL.
1355 3482 1418 3534 ἐν
1454 3482 1614 3549 ἄλλῳ
1657 3482 1828 3535 οὗτος
1862 3484 1969 3549 γὰρ
2008 3485 2067 3533 Α.
2114 3483 2247 3548 γάρε
2284 3483 2345 3536 δὲ
2383 3481 2431 3536 G
2472 3489 2515 3536 1.
2554 3499 2705 3536 man.

423 3548 492 3613 δὴ
530 3544 578 3599 G
614 3562 684 3600 ex
717 3561 858 3604 corr.
893 3576 958 3587 ·-—
994 3552 1095 3600 286
1113 3551 1280 3667 &nep
1315 3546 1459 3602 ACD
1499 3547 1740 3602 Townl.:
1780 3550 1939 3616 εἴπερ
1975 3547 2178 3603 GHLS.
2217 3577 2280 3587 —-
2316 3554 2415 3604 287
2452 3555 2704 3618 κορυθαι-

423 3615 556 3668 ὀλο(
593 3611 661 3670 D.
699 3643 763 3653 —
798 3620 899 3669 289
934 3617 1091 3680 ἔγχεϊ
1161 3609 1272 3668 GL.
1310 3616 1385 3681 φέ
1422 3632 1621 3671 ‘rm-oc:
1660 3617 1936 3684 φέρτερος
1958 3615 2027 3670 D.
2063 3646 2128 3655 —
2165 3622 2266 3670 290
2300 3611 2405 3670 νῦν
2439 3620 2541 3683 μὲν
2565 3621 2705 3672 παύ-

422 3697 608 3748 ςωμεν
644 3683 897 3747 πόλεμον
932 3685 1023 3736 καὶ
1060 3685 1332 3750 δηϊοτῆτα
1368 3632 1420 3736 (ς
1443 3685 1742 3750 (πολέμου)
1769 3683 1994 3737 Bal-occ.
2020 3682 2171 3737 Harl.
2210 3686 2316 3750 (νὼ
2338 3686 2463 3753 μὲν)
2489 3684 2704 3742 Townl.

423 3750 488 3802 ἑν
522 3751 679 3817 ἄλλῳ
716 3754 822 3803 νῦν
859 3750 960 3812 μὲν
994 3751 1303 3813 παύςωμεν
1339 3751 1596 3818 πόλεμον
1634 3754 1723 3805 καὶ
1759 3753 2031 3819 δηϊοτῆτα
2056 3754 2119 3808 A.
2166 3782 2219 3789 -
2260 3757 2356 3805 291
2395 3753 2447 3805 δ’
2481 3753 2617 3807 αὖτε
2637 3750 2702 3810 Ι),

421 3846 488 3856 -·
523 3822 622 3870 292
657 3819 739 3870 δώ
815 3815 984 3872 EGH.
1032 3818 1153 3885 δώη
1190 3816 1294 3872 CL.
1340 3820 1462 3887 δῴη
1498 3817 1605 3871 AS.
1652 3820 1812 3886 δώιηι
1847 3818 1912 3874 D.
1961 3850 2023 3858 -
2071 3826 2170 3872 ‘294
2219 3820 2507 3886 εὐφρήνῃ(
2553 3818 2704 3873 0131..

423 3885 709 3953 εὐφρήνῃ(
743 3834 826 3938 ἳί.
879 3886 1169 3953 εὐφράνῃ(
1214 3885 1261 3940 G
1307 3885 1445 3940 Mor.
1499 3903 1565 3941 τε
1603 3889 1892 3954 εὐφρήνῃ(
1930 3886 2080 3940 Euat.
2123 3892 2278 3951 1121,
2315 3893 2395 3939 20.
2448 3887 2700 3952 ἀχαιοὺςι

421 3953 635 4018 ἀχαιῶν
671 3951 734 4006 G.
775 3982 836 3993 -
873 3958 974 4007 295
1010 3953 1066 4007 οἵ
1101 3970 1183 4008 (οι
1220 3952 1285 4011 G.
1321 3954 1378 4008 οἵ
1410 3956 1464 4008 τ’
1499 3956 1651 4011 ἐαςιν
1686 3954 1754 4008 D.
2430 4001 2439 4006 -

556 4191 620 4242 A.
658 4205 705 4243 ο.
761 4194 865 4244 280
897 4194 1066 4256 ςφῶιε
1105 4196 1263 4256 (φώε
1309 4190 1468 4245 Ixion
1515 4191 1662 4244 teste
1698 4181 1959 4261 Apoll'on.
1998 4190 2069 4244 de
2105 4190 2362 4245 Pronom.
2405 4196 2498 4245 114
2534 4192 2600 4246 A.
2640 4222 2699 4230 --

419 4259 522 4310 282
556 4255 877 4311 asteriscus:
916 4262 1101 4313 κακῶς
1137 4264 1251 4313 293.
1282 4288 1337 4298 -
1367 4262 1469 4313 289
1505 4260 1749 4326 πινυτήν
1782 4257 2135 4312 Aristarchus
2161 4260 2467 4315 ὁξυτόνω(.
2502 4290 2565 4300 -
2602 4266 2702 4317 293

422 4322 618 4378 obelus
652 4339 780 4378 cum
818 4324 1106 4380 asterisco:
1144 4327 1331 4394 ὀρθῶ(
1368 4330 1485 4381 282.
1523 4356 1587 4365 -
1624 4332 1724 4382 295
1760 4328 2040 4382 ἀθετεῖται
2077 4326 2532 4386 Aristonicus.
