3144 5006
511 395 597 460 36
1336 451 1346 464 ,
1433 397 1769 453 ΙΛΙΑΔΟ(
1829 399 1894 455 Ν.

513 553 634 612 755
679 548 1033 632 κεκληγώς,
1079 550 1184 614 διὰ
1225 550 1299 616 δὲ
1341 549 1591 629 Τρώων
1636 550 1856 615 πέτετ’
1898 550 1998 629 ἠδ’
2039 550 2420 631 ἐπικούρων.

681 651 747 714 οἳ
790 650 847 715 δ’
890 650 954 716 ἐς
998 652 1370 730 Πανθοΐδην
1414 650 1797 731 ἀγαπήνορα
1839 650 2355 731 Πουλυδάμαντα

678 752 916 817 πάντες
961 752 1379 835 ἑπεςςεύοντ’,
1424 752 1562 818 ἐπεὶ
1604 753 1910 833 Ἕκτορος
1953 753 2187 819 ἔκλυον
2232 752 2461 833 αὐδήν.

678 853 881 933 αὐτὰρ
927 855 965 918 ὃ
1011 854 1359 936 Δηιφοβόν
1402 875 1471 920 τε
1517 853 1657 935 βίην
1701 855 1758 919 θ’
1800 854 2089 921 Ἑλένοιο
2134 854 2411 920 ἄνακτος

680 955 967 1037 Ἀςιάδην
1012 957 1067 1022 τ’
1111 958 1468 1037 Ἀδάμαντα
1509 960 1614 1023 καὶ
1654 958 1906 1041 Ἀςιον,
1952 956 2271 1037 Ὑρτάκου
2316 956 2490 1039 υἱόν,

511 1062 637 1121 760
679 1057 877 1137 φοίτα
921 1056 1048 1123 ἀνὰ
1091 1058 1471 1139 προμάχους
1514 1060 1881 1142 διζήμενος,
1927 1057 1986 1124 εἴ
2026 1079 2157 1124 που
2202 1058 2490 1139 ἐφεύροι.

677 1160 834 1225 τοὺς
878 1158 936 1224 δ’
979 1158 1111 1240 εὗρ’
1155 1160 1366 1230 οὐκέτι
1410 1160 1678 1239 πάμπαν
1722 1159 2059 1242 ἀπήμονας
2105 1160 2246 1226 οὐδ’
2290 1159 2719 1239 ἀνολέθρους·

681 1260 825 1326 ἀλλ’
868 1260 933 1325 οἳ
977 1263 1092 1339 μὲν
1139 1263 1218 1342 δὴ
1263 1263 1482 1342 νηυςὶν
1527 1263 1635 1328 ἔπι
1679 1268 2033 1347 πρυμνῇςιν
2077 1263 2349 1343 Ἀχαιῶν

677 1364 888 1442 χερςὶν
936 1362 1055 1428 ὑπ’
1102 1363 1401 1443 Ἀργείων
1446 1365 1636 1430 κέατο
1684 1364 1899 1445 ψυχὰς
1943 1363 2314 1447 ὀλέςαντες,

676 1463 742 1529 οἳ
787 1464 844 1528 δ’
888 1464 959 1528 ἐν
1003 1466 1195 1545 τείχει
1236 1465 1385 1532 ἔςαν
1433 1468 1805 1546 βεβλημένοι
1850 1463 2194 1545 οὐτάμενοί
2237 1484 2338 1529 τε.-

509 1572 630 1629 765
674 1566 790 1631 τὸν
834 1567 905 1630 δὲ
949 1566 1088 1647 τάχ’
1133 1564 1281 1646 εὗρε
1325 1567 1527 1648 μάχης
1572 1567 1685 1632 ἐπ’
1728 1566 2022 1648 ἀριςτερὰ
2064 1567 2490 1647 δακρυοέςςης

676 1671 822 1733 δῖον
869 1668 1325 1751 Ἀλέξανδρον,
1371 1668 1627 1748 Ἑλένης
1670 1669 1857 1734 πόςιν
1902 1668 2244 1753 ἠυκόμοιο,

674 1769 1067 1849 θαρςύνονθ’
1112 1770 1381 1849 ἑτάρους
1427 1772 1525 1834 καὶ
1569 1770 2017 1849 ἐποτρύνοντα
2059 1771 2373 1852 μάχεςθαι.

680 1871 887 1952 ἀγχοῦ
931 1872 989 1938 δ’
1031 1871 1362 1953 ἱςτάμενος
1405 1872 1700 1952 προςέφη
1745 1871 2022 1952 αίςχροῖς
2066 1872 2334 1937 ἐπέεςςι·

853 1975 1182 2059 Δύςπαρι,
1228 1972 1401 2040 εἶδος
1445 1972 1688 2058 ἄριςτε,
1731 1976 2142 2053 γυναιμανές,
2186 1973 2620 2054 ἠπεροπευτά,

509 2082 634 2140 770
675 2079 808 2158 πού
851 2097 952 2141 τοι
995 2076 1335 2158 Δηίφοβός
1377 2094 1444 2139 τε
1492 2076 1590 2155 βίη
1635 2076 1702 2141 θ’
1741 2076 2025 2142 Ἑλένοιο
2068 2075 2345 2142 ἄνακτος

677 2177 960 2256 Ἀςιάδης
1000 2177 1070 2242 τ’
1114 2177 1388 2257 Ἀδάμας
1430 2175 1530 2254 ἠδ’
1574 2177 1815 2260 ’Άςιος,
1858 2178 2175 2259 Ὑρτάκου
2219 2177 2386 2252 vido

676 2284 805 2343 ποῦ
851 2278 923 2342 δέ
964 2298 1066 2343 τοι
1113 2277 1528 2358 Ὀθρυονεύς;
1575 2283 1692 2344 νῦν
1737 2277 1947 2344 ὤλετο
1994 2283 2162 2346 πᾶςα
2205 2281 2339 2345 κατ’
2382 2277 2577 2358 ἄκρης

674 2380 862 2445 Ἴλιος
907 2378 1191 2457 αἰπεινή·
1237 2383 1357 2445 νῦν
1400 2400 1499 2445 τοι
1545 2383 1672 2445 ςῶς
1714 2379 1902 2444 αἰπὺς
1946 2380 2233 2460 ὄλεθρος.

848 2482 966 2548 τὸν
1010 2481 1067 2545 δ’
1111 2479 1261 2547 αὔτε
1306 2482 1688 2561 προςέειπεν
1733 2480 2151 2562 Ἀλέξανδρος
2192 2482 2504 2561 θεοειδής’

507 2590 626 2647 775
672 2578 932 2665 Ἕκτορ,
979 2583 1117 2649 ἐπεί
1160 2602 1261 2648 τοι
1305 2585 1503 2664 θυμὸς
1548 2583 1838 2648 ἀναίτιον
1885 2585 2265 2661 αἰτιάαςθαι,

673 2686 908 2751 ἄλλοτε
953 2685 1030 2763 Μ
1074 2704 1234 2751 ποτε
1278 2688 1525 2764 μᾶλλον
1570 2685 1845 2765 ἐρωῆςαι
1887 2688 2204 2768 πολέμοιο

671 2788 915 2866 μέλλω,
961 2786 1102 2851 ἐπεὶ
1145 2786 1299 2852 οὐδέ
1343 2808 1444 2867 με..
1462 2788 1730 2867 πάμπαν
1774 2786 2089 2854 ἀνάλκιδα
2129 2788 2385 2864 γείνατο
2431 2789 2652 2868 μήτηρ.

672 2890 739 2954 ἐξ
783 2887 864 2954 οὗ
908 2889 1033 2967 γὰρ
1077 2890 1255 2968 παρὰ
1298 2891 1480 2968 νηυςὶ
1522 2889 1729 2971 μάχην
1776 2889 2036 2970 ἤγειρας
2080 2889 2382 2973 ἑταίρων,

672 2990 742 3055 ἐκ
785 2994 902 3055 τοῦ
947 2990 1004 3055 δ’
1049 2989 1264 3056 ἐνθάδ’
1308 2990 1525 3056 ἐόντες
1574 2991 1912 3072 ὁμιλέομεν
1958 2993 2273 3058 Δαναοῖςι

504 3099 627 3157 780
670 3092 1040 3172 νωλεμέως·
1087 3091 1304 3171 ἕταροι
1348 3093 1421 3156 δὲ
1466 3093 1878 3177 κατέκταθεν,
1923 3092 2039 3158 οὓς
2084 3094 2155 3159 ςὺ
2201 3093 2533 3176 μεταλλᾷς.

897 3292 919 3319 ,,

500 3351 568 3405 D.
608 3284 716 3407 οἵδ’
737 3290 960 3407 16].Ῡῂ
992 3284 1183 3406 32⁰&ss
1217 3302 1357 3407 ffor.
1393 3354 1447 3407 οἱ
1491 3355 1542 3407 δ’
1588 3356 1931 3422 ἑπανθοίδην
1975 3353 2027 3405 Η
2073 3352 2287 3409 Townl.
2326 3384 2391 3393 -
2438 3359 2534 3408 757
2572 3356 2785 3420 ἤκουον

499 3422 683 3486 αὐδὴν
718 3418 876 3475 Vrat.
913 3419 968 3472 b.
1010 3449 1076 3458 -
1111 3426 1212 3473 758
1247 3420 1281 3474 ὃ
1319 3419 1629 3479 ACDGHL.
1668 3452 1731 3460 —
1778 3428 1878 3477 760
1913 3423 2021 3476 ἀνα
2055 3419 2117 3473 L.
2165 3423 2313 3476 ὅπου
2350 3423 2579 3489 ἐφεύροι
2614 3421 2682 3475 Η.
2719 3451 2786 3462 —-

501 3493 599 3542 762
625 3489 728 3541 kun
761 3485 876 3540 AD.
917 3489 1008 3540 ἐπὶ
1046 3485 1252 3541 CGHL.
1293 3490 1480 3555 πρύμν
1525 3506 1608 3544 ςιν
1644 3506 1852 3548 omnes,
1892 3520 1954 3527 —
1994 3495 2092 3542 763
2129 3491 2324 3543 κέατοε
2374 3493 2559 3543 κέαται
2607 3488 2647 3543 C
2692 3488 2782 3546 Et.

501 3554 648 3611 Gnd.
685 3562 803 3621 309,
840 3562 872 3608 4
897 3556 959 3609 et
991 3561 1040 3609 5.
1064 3584 1128 3593 —
1167 3561 1268 3609 764
1302 3557 1411 3610 οἵδ’
1448 3555 1489 3610 C
1547 3556 1607 3609 L.
1634 3587 1691 3595 -
1733 3561 1830 3610 767
1869 3558 2205 3625 θραςύνονθ’
2238 3556 2307 3610 Η.
2336 3586 2401 3596 -
2439 3562 2537 3612 768
2572 3558 2817 3612 ἑπέεςςι·

499 3621 722 3677 ACDH.
747 3652 813 3661 —
851 3627 949 3676 769
986 3626 1392 3687 γυναικομανὲς
1418 3622 1477 3682 L.
1505 3653 1570 3663 -
1609 3630 1703 3678 771
1731 3627 1785 3678 τ’
1820 3624 1998 3678 omitt.
2027 3624 2098 3681 H.
2124 3652 2189 3661 —
2226 3630 2325 3678 ⁷72
2363 3626 2567 3681 ὤλετο;
2601 3628 2784 3692 ᾤχετο

497 3690 675 3745 Bekk.
713 3689 926 3744 Aneed.
962 3696 1080 3756 937,
1118 3697 1165 3749 9.
1203 3692 1377 3757 ἄκρας
1413 3690 1596 3746 Cram.
1637 3693 1739 3745 An.
1779 3691 1864 3745 Ox
1920 3691 2014 3749 ΙΙΙ,
2052 3696 2169 3757 376,
2208 3698 2256 3750 3.
2293 3722 2358 3731 -
2394 3698 2492 3746 773
2527 3698 2635 3747 ςῶς
2671 3708 2783 3746 non

502 3762 630 3814 ςόος
668 3774 880 3813 omnes.
920 3775 1001 3813 ςοι
1041 3759 1205 3813 αἰπὺς
1244 3758 1299 3812 S.
1334 3786 1403 3799 --
1439 3765 1537 3814 776
1574 3777 1686 3813 τοις
1726 3777 1808 3814 ςοι
1843 3759 1997 3816 Euat.
2023 3765 2141 3825 959,
2173 3765 2248 3818 18.
2283 3789 2340 3798 —
2381 3765 2479 3813 776
2515 3761 2784 3828 ἐρωήςειν

501 3827 657 3885 Harl.
703 3828 1010 3891 πτολέμοιο
1056 3826 1123 3881 G.
1170 3855 1224 3864 -
1278 3832 1375 3880 777
1423 3828 1555 3882 οὐδέ
1601 3844 1668 3893 με
1712 3826 1892 3880 ACLS
1944 3824 2121 3881 Flor.:
2182 3827 2352 3895 vulgo
2395 3828 2518 3881 οὐδ’
2557 3828 2669 3893 ἐμὲ.
2716 3856 2784 3867 —

502 3902 600 3950 778
635 3897 761 3949 ἐξοῠ
799 3891 862 3949 G.
903 3924 968 3933 —
1005 3900 1104 3948 779
1140 3894 1200 3947 ἐκ
1235 3899 1341 3949 τοῦ
1377 3897 1452 3948 δ’;
1491 3894 1664 3964 vulgo
1700 3895 1763 3949 ἐκ
1798 3896 1975 3961 τοῦδ’,
2025 3893 2168 3948 conf.
2207 3897 2252 3949 Ο
2289 3899 2355 3949 69
2390 3895 2453 3948 ἐκ
2487 3899 2591 3948 τοῦ
2628 3896 2678 3948 δ’
2713 3895 2783 3949 ἄν

500 3979 589 4017 τοι
624 3964 891 4028 τεύχοιμι.
940 3978 976 4016 α
1010 3968 1109 4015 212
1146 3962 1206 4015 ἐκ
1241 3966 1346 4017 τοῦ
1381 3964 1433 4016 δ’
1474 3964 1601 4017 οὔτ’
1638 3964 1875 4028 Ὀδυςῆα
1919 3964 2070 4027 ἐγὼν
2103 3963 2242 4017 ἴδον.
2286 3965 2320 4015 θ
2356 3969 2455 4016 540
2498 3964 2558 4016 ἐκ
2592 3968 2696 4016 τοῦ
2734 3964 2787 4016 δ’

506 4033 573 4084 οὔ
627 4047 723 4084 πω
779 4030 1035 4085 παύςατ’.
1087 4032 1249 4095 ἡμεῖς
1293 4031 1491 4084 ἐνθάδε
1545 4032 1711 4084 ὄντες
1759 4032 2057 4096 ὁμιλέομεν
2108 4028 2196 4087 Et.
2242 4028 2383 4083 Gud.
2428 4035 2545 4096 427,
2590 4037 2672 4085 47.
2717 4060 2783 4069 -

503 4103 603 4153 780
638 4101 699 4152 δε
736 4095 802 4156 D.
841 4098 1191 4152 κατέκταθον
1228 4096 1375 4166 Lips.
1598 4132 1609 4143 .

1291 3287 1428 3353 ῲων
1464 3285 1521 3343 L.
1570 3286 1777 3341 πέτετο
1816 3289 1905 3341 καί
1951 3286 2272 3353 ἐπικούρων
2306 3284 2368 3346 Ε.
2403 3315 2464 3326 -
2515 3290 2611 3341 756
2647 3285 2701 3340 οἳ
2736 3287 2790 3340 δ’

633 4273 701 4330 A.
738 4291 787 4329 c.
857 4280 955 4330 772
991 4277 1117 4331 κατ’
1150 4278 1351 4346 ἄκρηςε
1390 4275 1486 4331 alii
1511 4278 1656 4333 κατὰ
1692 4282 1853 4346 κρῆς,
1893 4276 2036 4333 conf.
2060 4276 2244 4337 Schol.
2281 4279 2326 4331 A
2361 4278 2509 4332 τινὲς
2544 4278 2606 4331 δὲ
2643 4282 2779 4347 κρῆς

500 4344 957 4411 μονοςυλλάβως,
992 4346 1118 4399 ἐπεὶ
1154 4347 1246 4400 καὶ
1282 4348 1486 4413 κρῆθέν
1522 4361 1708 4415 φηςιν.
