3144 5006
439 397 568 463 274
1368 398 1702 454 ΙΛΙΑΔΟΕ
1756 399 1822 452 Φ.

614 550 798 630 δηίου
843 551 913 615 ἐκ
956 551 1269 631 πολέμοιο
1314 552 1472 617 κατὰ
1514 551 1782 617 κλόνον·
1827 550 1995 617 ἀλλὰ
2039 552 2320 632 μέτελθε.

789 652 879 716 ὣς
924 653 1094 735 φάτ’,
1140 653 1431 731 Ἀθηναίη
1478 654 1550 717 δὲ
1594 653 1962 737 μετέςςυτο,
2009 656 2188 733 χαῖρε
2233 656 2304 719 δὲ
2349 659 2564 738 θυμῷ,

618 753 718 819 καί
765 753 823 833 ῥ’
865 753 1265 833 ἐπιειςαμένη
1312 753 1487 834 πρὸς
1520 755 1746 832 ςτήθεα
1792 755 1954 835 χειρὶ
1996 755 2227 839 παχείῃ

445 860 567 917 425
614 856 837 933 ἤλαςε·
886 859 999 934 τῆς
1043 856 1099 921 δ’
1145 854 1347 920 αὐτοῦ
1393 856 1548 920 λύτο
1595 856 1880 932 γούνατα
1925 858 2028 921 καὶ
2070 856 2265 937 φίλον
2310 857 2488 937 ἦτορ.

612 960 701 1023 τὼ
746 960 861 1035 μὲν
907 957 1008 1037 ἄρ’
1050 955 1245 1037 ἄμφω
1290 960 1501 1023 κεῖντο
1549 956 1656 1022 ἐπὶ
1697 960 1883 1047 χθονὶ
1925 959 2427 1043 πουλυβοτείρῃ,

611 1059 649 1135 ἢ
696 1060 752 1124 δ’
799 1058 900 1139 ἄρ’
946 1059 1342 1138 ἐπευχομένη
1387 1058 1549 1124 ἔπεα
1594 1060 1927 1137 πτερόεντ’
1970 1060 2268 1139 ἀγόρευε·

788 1163 1075 1226 τοιοῦτοι
1120 1164 1238 1226 νῦν
1284 1161 1553 1243 πάντες,
1601 1159 1743 1226 ὅςοι
1787 1161 2103 1240 Τρώεςςιν
2149 1162 2431 1247 ἀρωγοί,

584 1260 778 1341 ,εἶεν,
826 1261 919 1326 ὅτ’
963 1261 1295 1342 Ἀργείοιςι
1339 1264 1651 1343 μαχοίατο
1698 1268 2117 1347 θωρηκτῇςιν,

442 1368 566 1431 430
611 1363 741 1428 ὧδέ
784 1384 851 1428 τε
897 1364 1247 1443 θαρςαλέοι-
1280 1365 1381 1428 καὶ
1424 1365 1769 1447 τλήμονες,
1816 1365 1905 1429 ὡς
1949 1366 2296 1447 Ἀφροδίτη

613 1466 807 1545 ἦλθεν
850 1465 1010 1548 Ἄρῃ
1054 1465 1421 1545 ἐπίκουρος,
1468 1466 1601 1551 ἐμῷ
1646 1468 1819 1544 μένει
1862 1466 2209 1533 ἀντιόωςα·

610 1571 702 1632 τῶ
748 1587 857 1632 κεν
904 1568 981 1646 δὴ
1028 1568 1227 1632 πάλαι
1270 1567 1468 1648 ἄμμες
1514 1567 1918 1646 ἐπαυςάμεθα
1960 1570 2308 1649 πτολέμοιο

612 1668 797 1734 Ἰλίου
844 1669 1261 1748 ἐκπὲρςαντες
1307 1669 1674 1748 ἐυκτίμενον
1719 1670 2125 1749 πτολίεθρον.

794 1770 914 1854 [ὣς
958 1771 1161 1852 φάτο,
1208 1771 1494 1851 μείδηςεν
1540 1772 1614 1836 δὲ
1658 1771 1775 1835 θεὰ
1821 1773 2220 1838 λευκώλενος
2264 1772 2472 1855 Ἥρη]
2569 1844 2584 1857 ,

452 1879 576 1937 435
622 1873 823 1952 αὐτὰρ
868 1873 1249 1938 Ἀπόλλωνα
1292 1873 1590 1953 προςέφη
1632 1872 1861 1953 κρείων
1908 1873 2283 1953 ἐνοςίχθων·

721 2010 729 2029 ι
788 1975 1019 2060 Φοῖβε,
1065 1974 1123 2040 τί
1167 1977 1205 2053 ἢ
1252 1976 1329 2054 δὴ
1373 1978 1493 2040 νῶι
1539 1975 1900 2053 διέςταμεν;
1946 1974 2103 2041 οὐδὲ
2147 1975 2354 2042 ἔοικεν

612 2077 948 2158 ἀρξάντων
994 2077 1265 2157 ἑτέρων·
1312 2076 1388 2141 τὸ
1434 2078 1548 2158 μὲν
1594 2076 1872 2161 αἴςχιον,
1917 2076 1986 2141 αἴ
2029 2077 2083 2143 κ’
2128 2076 2399 2157 ἀμαχητὶ

603 2178 790 2258 -ἴομεν
838 2178 1188 2258 Οὔλυμπον
1235 2180 1307 2243 δὲ
1351 2179 1515 2243 Διὸς
1558 2181 1710 2244 ποτὶ
1754 2181 2143 2259 χαλκοβατὲς
2187 2183 2299 2245 δῶ.

609 2280 793 2360 ἄρχε·
840 2281 912 2344 ςὺ
958 2283 1082 2359 γὰρ
1124 2284 1391 2361 γενεῆφι
1435 2281 1787 2360 νεώτερος·
1832 2280 1913 2344 οὐ
1957 2282 2082 2359 γὰρ
2126 2280 2268 2359 ἐμοί
2310 2300 2382 2355 γε

442 2388 571 2446 440
616 2382 842 2457 καλόν,
891 2381 1029 2446 ἐπεὶ
1072 2383 1389 2461 πρότερος
1433 2382 1714 2463 γενόμην
1760 2384 1861 2447 καὶ
1903 2381 2177 2447 πλείονα
2220 2380 2385 2446 οἶδα.

624 2483 894 2566 νηπύτι’,
938 2485 1029 2550 ὡς
1074 2483 1281 2550 ἄνοον
1326 2483 1588 2564 κραδίην
1635 2483 1806 2563 ἔχες·
1858 2482 2013 2551 οὐδέ
2058 2505 2138 2549 νυ
2181 2488 2312 2549 τῶν
2359 2503 2479 2562 περ

609 2587 907 2669 μέμνηαι,
953 2587 1071 2652 ὅςα
1114 2589 1191 2665 δὴ
1237 2585 1525 2665 πάθομεν
1570 2586 1732 2651 κακὰ
1774 2586 1969 2653 Ἴλιον
2014 2584 2179 2667 ἀμφὶ

575 2807 640 2861 V.
681 2826 729 2860 L.
801 2811 901 2859 422
938 2821 1079 2860 κατα
1117 2804 1179 2864 D.
1221 2807 1451 2872 μετέλθε
1490 2805 1554 2858 G.
1596 2836 1656 2845 —
1696 2811 1795 2860 423
1832 2809 1911 2861 ὡς
1949 2806 2015 2860 A.
2054 2805 2081 2860 ἔ
2131 2805 2222 2859 ατ’
2257 2803 2325 2862 Η.
2361 2834 2427 2843 -
2462 2810 2563 2858 425
2611 2767 2739 2870 τιςῇδ

442 2876 511 2942 Η,
558 2875 685 2932 add.
728 2880 766 2929 ἴ
801 2881 847 2932 2,
890 2890 1036 2927 man.
1082 2877 1191 2941 τὴν
1237 2875 1288 2926 δ’
1331 2872 1489 2929 Vrat.
1536 2874 1595 2929 b.
1645 2904 1707 2913 —
1753 2879 1852 2928 426
1900 2875 1967 2940 ἂρ
2015 2873 2061 2927 D
2114 2871 2281 2926 GHL.
2328 2878 2484 2926 κεῖτο
2532 2871 2591 2931 C.
2640 2873 2736 2927 ἐπὶ

441 2942 535 2996 EG
584 2942 810 2996 Barooc.
857 2940 1011 2995 Harl.
1061 2940 1217 2994 Vrat.
1263 2941 1316 2994 b.
1363 2943 1426 2998 A.
1473 2939 1645 2995 Mose.
1695 2948 1742 2994 2.
1791 2941 2010 2995 Heracl.
2059 2940 2244 3009 Alleg.
2290 2956 2337 2998 ο.
2386 2946 2464 2994 54.
2518 2941 2612 2995 ἐπι
2657 2945 2733 2994 A:

440 3015 572 3065 ποτὶ
610 3009 791 3064 CHLS
829 3008 976 3077 Lips.
1014 3008 1158 3064 Ven.
1198 3008 1261 3063 B.
1300 3026 1432 3063 ποτι
1467 3007 1533 3062 D.
1571 3027 1608 3074 γ
1649 3052 1658 3062 .
1701 3013 1989 3074 ποτιχθονὶ
2028 3009 2091 3062 Α.
2142 3008 2519 3075 πολῦβοτείρη
2559 3008 2627 3065 Η.
2667 3037 2738 3048 —

439 3086 538 3134 427
584 3080 674 3166 ἦρ’
709 3076 917 3155 ΟΘΗξι.
964 3079 1041 3156 ἂρ·
1074 3077 1236 3130 ADG.
1284 3079 1520 3144 ἀγόρευε
1559 3027 1678 3132 Cg:
1726 3078 1899 3131 ceteri
1946 3078 2233 3143 ἀγόρευεν.
2281 3093 2368 3142 γρ.
2415 3077 2737 3154 πτερόεντα

439 3147 828 3269 ἕὲἓὲἱὛηῒ
854 3141 2466 3279 ἐξαιῬΙΞέῃῩέῗρηἳτὲῑξὲξοπὲὶ.’ὲηῖἐῗοῗρὲἷᾶῗὲἓιῖ
2513 3174 2584 3249 -ἶ
2630 3150 2736 3265 1ξὲ

441 3283 575 3337 ῶιδέ
613 3283 676 3337 A.
725 3282 819 3335 ὁδέ
865 3297 930 3334 τε
975 3280 1042 3337 Η.
1088 3310 1154 3319 -
1203 3288 1295 3334 431
1339 3283 1465 3348 ἄρηι
1513 3283 1560 3332 Α
1609 3280 1758 3334 Harl.
1806 3279 2019 3339 Townl,
2057 3279 2211 3333 Mose
2267 3285 2314 3332 2.
2354 3282 2485 3347 ἄρηϊ
2522 3278 2574 3331 S.
2621 3280 2733 3346 ἄρῃ

442 3349 493 3402 Η
530 3348 712 3403 Schol.
769 3352 809 3403 Η
850 3354 966 3402 453.
1012 3350 1120 3417 ἅρη
1158 3347 1253 3400 DL
1288 3347 1445 3402 Vrat.
1483 3348 1537 3407 b.
1576 3347 1629 3407 d,
1667 3350 1794 3416 ἄρη’
1830 3347 1974 3416 Lips.
2013 3350 2048 3401 ᾰ
2083 3365 2155 3414 ηα
2182 3347 2246 3412 G,
2286 3347 2428 3404 conf.
2469 3352 2579 3398 112.
2610 3347 2733 3412 ἄρει

441 3417 500 3472 Ο.
542 3417 604 3471 ἐν
641 3418 797 3483 ἄλλῳ
844 3418 1019 3480 ἢλθεν
1056 3416 1320 3482 ἐπίουρος
1355 3417 1421 3470 Α.
1460 3445 1524 3456 -
1561 3422 1660 3470 432
1698 3421 1784 3469 τῶ
1823 3414 2018 3470 ACDG
2078 3416 2133 3472 L.
2171 3421 2256 3482 τῷ
2293 3413 2354 3467 Ε.
2399 3431 2462 3468 κε
2499 3413 2544 3468 G
2582 3413 2733 3470 Flor.

442 3485 734 3551 ἐπαύμεθα
781 3485 1054 3548 πολέμοιο
1090 3483 1151 3540 Ε.
1199 3485 1468 3550 πολέμοιο
1515 3483 1665 3553 Lips.
1713 3482 1859 3561 Flolj.
1899 3484 2058 3536 Rom.
2106 3513 2172 3522 -—
2217 3487 2317 3536 483
2355 3499 2439 3602 Ἦ.
2477 3485 2624 3536 ῖλιον
2659 3483 2732 3548 Α,

438 3554 522 3606 ita
554 3553 613 3607 L.
653 3553 987 3617 εὐκτῖμενον
1023 3551 1089 3605 H.
1127 3581 1193 3590 -
1230 3559 1329 3605 434
1366 3551 1547 3606 omitt.
1589 3550 1788 3605 ACDH
1822 3569 1880 3604 m
1916 3553 2076 3604 textu
2101 3549 2243 3604 Ven.
2279 3549 2340 3603 B.
2433 3549 2530 3605 arl.
2569 3549 2733 3608 Vrat.

438 3622 491 3674 b.
528 3620 585 3676 d.
623 3619 791 3673 Mose.
830 3625 875 3676 2.
920 3619 1135 3672 habent
1178 3618 1281 3674 GH
1324 3619 1383 3672 in
1429 3636 1551 3673 mar
1594 3661 1605 3672 .
1654 3618 1734 3672 LS
1780 3617 1928 3688 Lips.
1979 3618 2136 3673 Cant.
2184 3616 2396 3671 Townl.
2448 3619 2526 3672 ὣς
2561 3619 2737 3684 ἔφαθ’

440 3692 474 3753 ἡ
514 3690 565 3742 δ’
600 3690 823 3752 ἐγέλαςε
860 3686 968 3744 HS.
1014 3688 1093 3742 ὣς
1139 3689 1308 3753 ἔφαθ’
1352 3690 1443 3754 ἡδ’
1487 3690 1550 3752 ἐγ
1583 3692 1743 3741 λαςςε
1792 3686 1949 3740 Cant.
1995 3685 2209 3743 Townl.
2260 3686 2478 3753 μείδηςε
2515 3684 2578 3742 G.
2629 3687 2731 3751 μή·

442 3761 571 3823 δηςε
608 3755 753 3810 Flor.
790 3756 949 3810 Rom.
986 3785 1050 3795 —
1086 3761 1186 3810 436
1221 3758 1277 3809 τί
1312 3758 1346 3821 ἠ
1383 3756 1451 3810 A.
1488 3756 1582 3822 τίη
1621 3753 1688 3820 D,
1724 3755 1882 3825 gravi
1918 3770 2089 3823 supra
2122 3758 2158 3819 ῆ
2196 3769 2370 3807 eraso.
2408 3753 2581 3806 ceteri
2617 3754 2733 3821 τίη.

443 3828 512 3892 δὴ
552 3825 734 3878 omitt.
774 3824 832 3876 L.
870 3834 957 3891 γρ.
998 3825 1321 3889 ἀφέςταμεν
1356 3822 1512 3879 Vrat.
1538 3823 1593 3874 b.
1635 3852 1694 3860 --
1734 3828 1833 3876 438
1869 3824 2162 3888 οὔλυμπον
2197 3823 2258 3875 δὲ
2285 3821 2402 3873 ΑΙ).
2441 3837 2572 3875 ποτι
2608 3821 2732 3874 Al).

362 3896 366 3901 ’
440 3923 502 3932 -
542 3899 642 3946 439
678 3898 916 3960 γενεῆφι
955 3890 1112 3946 ΟΕΗ.
1149 3893 1338 3957 ἔμοιγε
1373 3890 1521 3943 libri.
1560 3919 1627 3928 —
1661 3896 1762 3944 440
1799 3895 2028 3958 πρῶτος
2065 3888 2281 3944 Townl.
2333 3918 2396 3928 -
2439 3894 2533 3942 441
2575 3891 2734 3955 ἔςχες

442 3961 491 4013 G
526 3959 672 4018 Flor.
709 3990 769 4000 —-
810 3966 910 4014 442
947 3961 1092 4014 κακὰ
1139 3961 1396 4025 πάθομεν
1444 3957 1485 4011 C
1521 3957 1663 4011 Ven.
1692 3957 1763 4024 ,B.
1812 3959 1953 4025 ἀμφι
1989 3956 2056 4011 D.
2104 3959 2279 4025 ἀμφίς
2316 3955 2474 4010 Cant.
2517 3955 2736 4015 Townl.

443 4086 683 4093 ——-——-—--—--
702 4085 749 4092 ...-.
768 4086 848 4091 ---.-

576 4150 641 4202 A.
681 4166 727 4201 c.
798 4153 899 4202 433
935 4149 1101 4203 Ἴλιον
1138 4144 1498 4201 Aristarchea
1532 4145 1702 4200 lectio
1738 4144 1989 4211 videtur,
2038 4143 2180 4203 conf.
2218 4142 2399 4198 Sehol.
2440 4145 2481 4199 Β
2522 4150 2634 4199 133.
2662 4174 2732 4185 ·-—

439 4221 539 4269 442
595 4218 791 4270 οὕτωςἸ
837 4217 1085 4269 ἐνταῦθα
1143 4217 1410 4282 μέμνηαι,
1465 4217 1635 4281 διπλῆ
1688 4216 1796 4281 γὰρ
1850 4217 1884 4280 ἡ
1939 4219 2126 4281 χρῆςις
2178 4211 2530 4280 Didymus,
2583 4213 2733 4268 conf.

441 4285 581 4404 μίέὲιέ
623 4285 942 4420 ςςίιίιὶγᾎθῇ
978 4283 1179 4410 οΟεὲῗὲ-ίε
1214 4283 1351 4336 locis
1389 4284 1570 4351 μέμνῃ
1609 4282 1817 4352 legitur
1854 4283 1899 4336 Ο
1931 4288 2005 4337 18.
2043 4284 2092 4337 Υ
2132 4286 2243 4334 188.
2284 4283 2332 4336 Φ
2369 4285 2484 4341 396,
2524 4299 2571 4335 ω
2613 4287 2734 4352 115,
