3144 5006
1353 465 1688 521 ΙΛΙΑΔΟΕ
1741 463 1887 518 XIX.
2621 465 2744 530 217

458 625 581 684 235
628 621 742 699 ἧδε
785 620 909 699 γὰρ
954 619 1264 698 ὀτρυντὺς
1309 621 1505 686 κακὸν
1551 618 1821 700 ἔςςεται,
1869 619 1944 686 ὅς
1989 640 2057 684 κε
2104 619 2357 698 λίπηται

625 723 843 800 νηυςὶν
891 721 990 786 ἐπ’
1033 721 1366 802 Ἀργείων·
1411 721 1553 787 ἀλλ’
1598 721 1825 800 ἀθρόοι
1871 721 2254 801 ὁρμηθέντες

628 823 872 904 Τρωςὶν
919 824 1025 904 ἐφ’
1066 822 1520 902 ἱπποδάμοιςιν
1564 824 1896 902 ἐγείρομεν
1942 822 2096 888 ὀξὺν
2143 821 2326 901 ἄρηα.

811 924 884 1009 ἦ,
930 927 1032 990 καὶ
1079 926 1402 1004 Νέςτορος
1446 924 1587 991 υἷας
1630 925 1955 990 ὀπάςςατο
2001 926 2401 1009 κυδαλίμοιο,

627 1027 944 1106 Φυλείδην
989 1048 1056 1092 τε
1105 1028 1367 1107 Μέγητα
1409 1026 1668 1094 Θόαντά
1712 1048 1779 1092 τε
1827 1026 2159 1106 Μηριόνην
2203 1046 2274 1091 τε

466 1130 593 1193 240
635 1130 738 1193 καὶ
786 1130 1232 1209 Κρειοντιάδην
1276 1130 1653 1210 Λυκομήδεα
1695 1130 1796 1194 καὶ
1842 1129 2291 1195 Μελάνιππον.

633 1231 750 1312 βὰν
795 1231 852 1295 δ’
893 1229 1035 1310 ἴμεν
1080 1232 1146 1296 ἐς
1189 1232 1425 1309 κλιςίην
1470 1231 1944 1311 Ἀγαμέμνονος
1988 1230 2341 1308 Ἀτρεΐδαο.

639 1332 838 1398 αὐτίκ’
881 1331 1079 1398 ἔπειθ’
1120 1331 1246 1412 ἅμα
1289 1338 1486 1412 μῦθος
1530 1331 1678 1417 ἔην,
1720 1333 2047 1399 τετέλεςτο
2092 1335 2166 1397 δὲ
2208 1332 2433 1412 ἔργον·

638 1434 800 1499 ἑπτὰ
844 1436 959 1514 μὲν
1005 1435 1073 1499 ἑκ
1118 1434 1354 1513 κλιςίης
1396 1435 1705 1515 τρίποδας
1751 1434 1989 1517 φέρον,
2037 1433 2150 1499 οὕς
2197 1433 2258 1499 οἱ
2301 1433 2567 1516 ὑπέςτη,

635 1536 915 1602 αἴθωνας
958 1538 1030 1602 δὲ
1075 1537 1344 1617 λέβητας
1386 1536 1647 1617 ἐείκοςι,
1693 1536 1944 1602 δώδεκα
1989 1536 2046 1602 δ’
2085 1536 2359 1601 ἵππους·

467 1643 588 1701 245
634 1638 705 1703 ἐκ
749 1639 805 1703 δ’
848 1637 1014 1714 ἄγον
1060 1638 1226 1719 αἶψα
1270 1642 1574 1714 γυναῖκας
1619 1639 1916 1717 ἀμύμονα
1956 1637 2117 1716 ἔργα
2160 1637 2362 1704 ἰδυίας

640 1739 800 1822 ἕπτ’,
845 1737 1005 1818 ἀτὰρ
1050 1738 1374 1820 ὀγδοάτην
1423 1740 1717 1820 Βριςηίδα
1760 1740 2217 1824 καλλιπάρῃον.

635 1845 873 1923 χρυςοῦ
917 1843 990 1906 δὲ
1034 1844 1256 1920 ςτήςας
1300 1842 1603 1908 Ὀδυςεὺς
1647 1843 1799 1906 δέκα
1841 1841 2056 1906 πάντα
2097 1842 2384 1907 τάλαντα

636 1944 797 2026 ἦρχ’,
841 1942 970 2020 ἅμα
1013 1945 1071 2007 δ’
1114 1941 1302 2009 ἄλλοι
1347 1948 1527 2023 δῶρα
1569 1945 1779 2025 φέρον
1826 1944 2134 2023 κούρητες
2178 1943 2478 2022 Ἀχαιῶν·

635 2046 739 2110 καὶ
782 2046 863 2110 τὰ
906 2047 1020 2124 μὲν
1069 2045 1140 2109 ἐν
1187 2045 1372 2129 μέςςῃ
1418 2045 1622 2129 ἀγορῇ
1669 2046 1889 2120 Θέςαν,
1935 2045 2015 2110 ἂν
2060 2045 2117 2109 δ’
2161 2045 2569 2125 Ἀγαμέμνων

467 2153 591 2212 250
631 2147 878 2211 ἵςτατο·
923 2146 1279 2227 Ταλθύβιος
1322 2148 1394 2212 δὲ
1439 2152 1566 2229 Θεῷ
1612 2147 1971 2223 ἐναλίγκιος
2015 2145 2218 2226 αὐδὴν

635 2249 887 2328 κάπρον
934 2247 1105 2326 ἔχων
1152 2249 1223 2313 ἐν
1267 2251 1443 2328 χερςὶ
1483 2251 1830 2327 παρίςτατο
1875 2249 2127 2328 ποιμένι
2173 2252 2373 2314 λαῶν.

635 2349 947 2430 Ἀτρείδης
993 2351 1064 2415 δὲ
1109 2350 1530 2430 ἐρυςςάμενος
1575 2350 1836 2430 χείρεςςι
1880 2348 2224 2430 μάχαιραν,

638 2451 679 2531 ἥ
725 2450 788 2517 οἱ
830 2453 963 2532 πὰρ
1006 2452 1227 2533 ξίφεος
1270 2454 1434 2532 μέγα
1476 2453 1751 2520 κουλεὸν
1798 2451 1934 2520 αἰὲν
1980 2452 2234 2537 ἄωρτο,

603 2687 675 2742 V.
711 2707 760 2741 1..
797 2693 930 2743 ’235
967 2689 1067 2755 ἦδε
1101 2688 1178 2744 D:
1225 2688 1397 2759 vulgo
1483 2692 1560 2745 δε.
1605 2692 1841 2746 ἔςςεταιε
1892 2691 2117 2745 ἔςπεται
2150 2689 2309 2749 Vrat.
2345 2692 2410 2743 A.
2455 2692 2517 2745 ὃς
2554 2707 2653 2745 κεν
2687 2690 2756 2744 D.

468 2787 532 2796 —
569 2761 671 2810 236
705 2759 865 2825 νηυςὶ
900 2758 1035 2823 παρ’
1070 2755 1156 2811 CL
1192 2756 1418 2813 Barocc.
1498 2758 1596 2816 arl.
1620 2756 1759 2812 Mor.
1797 2760 2175 2827 ὁρμηςθέντες
2197 2757 2348 2826 Lips.
2376 2788 2436 2798 —
2473 2764 2572 2813 237
2607 2775 2752 2827 τρω-

467 2828 553 2879 clv
588 2823 647 2878 L.
691 2825 1160 2893 ἐφιπποδάμοιςιν
1204 2825 1271 2882 D.
1319 2856 1383 2866 -
1431 2831 1528 2881 239
1572 2842 1637 2881 τε
1685 2829 1863 2894 μέγην
1908 2843 1973 2881 τε
2008 2824 2136 2884 Vat.
2183 2828 2275 2880 καὶ
2319 2829 2675 2893 μελάνιππον
2712 2827 2753 2884 C

467 2910 571 2962 pro
609 2894 884 2960 μηριόνην
906 2908 987 2947 τε.
1015 2929 1079 2937 -
1116 2899 1217 2948 240
1252 2893 1436 2948 omitt.
1460 2893 1518 2949 C.
1543 2925 1610 2935 —
1644 2900 1745 2948 242
1781 2894 1966 2949 αὐτίκ’
1999 2896 2195 2948 ἔπειτά
2227 2911 2290 2959 γε
2327 2898 2498 2960 μῦθος
2533 2894 2754 2949 Plutar-

470 3029 608 3083 chus
643 3029 714 3082 de
750 3026 822 3082 So
856 3029 1046 3098 ipsum
1082 3029 1225 3083 citra
1246 3029 1359 3083 inv.
1394 3028 1547 3084 laud.
1579 3037 1657 3085 19.
1697 2991 1878 3096 μῧθοξι
1902 3029 1973 3084 H.
2013 3061 2077 3070 —
2112 3035 2211 3084 243
2247 3031 2305 3086 ἐς
2340 3031 2554 3097 κλιςίην
2594 3029 2750 3084 Vrst.

469 3114 507 3168 d
567 3102 980 3169 ΟΕΟΙῨΠΕΕΤ.
1017 3113 1137 3184 Syr.
1179 3145 1240 3154 —
1277 3122 1379 3170 244
1414 3116 1644 3172 αἴθονας
1680 3117 1756 3170 Α.·
1783 3145 1848 3155 -
1883 3122 1983 3171 245
2018 3116 2282 3181 ἀμύμονα
2326 3114 2472 3169 ACH
2510 3133 2629 3185 sup.
2670 3114 2751 3169 LS

471 3182 591 3251 Syr.
631 3180 787 3259 Cant..
824 3180 967 3239 Mor.
1007 3182 1303 3262 'l'ownl3-1.
1353 3200 1501 3242 man.
1544 3182 1729 3253 Frgm.
1769 3183 1940 3238 Mose.
1989 3184 2278 3250 ἀμύμονας
2327 3182 2479 3261 DGH
2522 3192 2564 3236 1.
2601 3199 2754 3237 man.

472 3256 532 3348 st
564 3266 698 3318 pars
744 3248 1013 3370 hul-eru}
1060 3248 1281 3319 Heynn.
1318 3253 1436 3318 ἔργ’
1472 3252 1680 3307 εἰδυίας
1715 3250 2024 3306 ACDGHL·
2048 3251 2170 3320 Syr.
2197 3255 2257 3307 et
2291 3251 2425 3331 olm}
2461 3252 2663 3330 vulga·
2687 3282 2758 3313 -,

471 3319 871 3451 ἑζὲ,ἓῗ“ἰὲξὲὶ’ῗ
886 3316 956 3439 ἆ.)
978 3317 1059 3424 3¹
1079 3316 1386 3441 2⁸⁴³5‘a2'k33·
1411 3319 1682 3465 &3115
1721 3318 2753 3456 ΞὲὸδίέλᾷὲοῗῗρέἓῗῗέιέιΥἱὲ

469 3471 579 3521 την
615 3451 830 3510 TownL
877 3481 940 3491 —-
985 3458 1078 3507 251
1121 3457 1268 3521 χερςὶ
1313 3453 1406 3508 GL
1449 3453 1600 3523 Inps.
1645 3454 1969 3509 Athenaeus
2011 3454 2161 3521 XIV,
2214 3460 2338 3509 66οε
2385 3459 2524 3523 χειρὶ
2568 3455 2753 3511 CDHS

471 3521 592 3590 Syr.
631 3520 791 3575 Cant.
836 3518 973 3574 Mor.
1021 3520 1145 3575 Vat.
1199 3520 1350 3576 Vrat„
1390 3522 1440 3577 b.
1481 3523 1535 3576 d.
1583 3525 1648 3576 A.
1697 3521 1879 3593 Frgm.
1928 3521 2102 3579 Mose.
2147 3522 2293 3579 Flor.
2341 3523 2546 3591 ἐγχειρῑ
2580 3526 2647 3577 A.
2684 3555 2750 3564 —-

470 3598 568 3642 ⁸252
605 3589 772 3655 ἑρυςά
817 3604 944 3643 ενος
980 3588 1127 3659 Lips.
1166 3590 1212 3643 ξί
1262 3606 1371 3645 εςςι
1407 3592 1682 3657 μάχαιραν
1719 3588 1785 3645 D.
1823 3620 1889 3630 —
1924 3597 2023 3644 253
2062 3607 2140 3644 πα
2212 3588 2282 3646 Η.
2329 3592 2395 3654 μέ
2436 3609 2507 3644 αν
2542 3595 2748 3647 κολεὸν

468 3656 524 3711 L.
565 3658 741 3723 μέγαν
776 3606 838 3714 ᾗ.
874 3657 1065 3725 ἄωρτο
1100 3607 1332 3711 Acfffls
1367 3657 1485 3725 Syr.
1525 3657 1683 3737 Caut.
1720 3657 1946 3713 Barocc.
1983 3657 2122 3716 Mor.
2143 3608 2360 3712 ξἰόνιἾιΙ.
2397 3607 2526 3716 Fut.
2563 3658 2751 3730 Frgm.

467 3724 632 3779 Mose.
681 3723 833 3777 Vrat.
871 3724 939 3797 b„
963 3724 1017 3779 d.
1053 3727 1119 3784 A.
1157 3727 1329 3792 ἅορτο
1366 3724 1526 3786 DGL,
1566 3725 1713 3795 Llps.
1750 3725 1893 3781 Flor.

603 3931 669 3988 A.
705 3949 752 3989 c.
822 3935 923 3984 239
949 3929 1209 3998 Μέγηται
1248 3930 1448 3997 Μέγην
1480 3946 1546 3985 τε
1570 3928 1912 3997 zenodotus,
1949 3929 2092 3989 conf.
2121 3928 2302 3988 Schol.
2331 3933 2370 3986 Κ
2400 3937 2512 3986 175.
2555 3932 2596 3984 Ν
2626 3937 2745 3991 692.

469 4029 535 4038 -
586 4005 687 4052 245
745 4000 1035 4066 ἀμύμονας
1090 3997 1441 4052 Aristarchus
1489 4000 1637 4053 teste
1689 3997 1931 4067 Didymo
1985 3997 2059 4052 ad
2115 4001 2126 4053 Ι
2175 4004 2289 4053 128.
2341 4002 2429 4053 ὅτι
2483 4000 2754 4054 ἐντεῦθεν

470 4070 775 4134 πλανηθεὶς
825 4066 1149 4134 Ζηνόδοτος
1201 4070 1643 4134 ςυναριθμεῖςθαι
1700 4067 1760 4119 ἐν
1812 4073 1935 4121 ταῖς
1990 4067 2134 4121 ἑπτὰ
2185 4069 2276 4120 καί
2330 4071 2438 4135 τὴν
2493 4070 2753 4135 Βριςηῖδα

472 4135 650 4189 ἔδοξε.
687 4138 776 4188 καὶ
813 4135 876 4188 ἐν
910 4134 1099 4189 ἄλλοις
1134 4135 1338 4201 γράφει
1384 4135 1489 4198 „kx
1534 4136 1587 4188 δ’
1630 4135 1767 4199 ἄγεν
1811 4135 1958 4189 ἑπτὰ
2000 4133 2127 4256 {sim
2176 4141 2443 4200 γυναῖκας
2489 4138 2752 4201 ἀμύμονα

472 4202 587 4268 ἔργ’
621 4201 855 4268 εἰδυίας,
893 4202 977 4265 ἕξ,
1023 4204 1165 4269 ἀτὰρ
1210 4202 1524 4269 ἑβδομάτην
1560 4203 1821 4270 Βριςηῖδα
1857 4205 1995 4256 καλλ
2021 4218 2136 4268 παρ
2177 4206 2276 4255 ον“
2313 4203 2756 4257 Aristonicus

473 4267 546 4321 ad
586 4271 598 4323 Ι
639 4273 753 4323 131.
791 4298 853 4309 -
890 4275 990 4323 246
1026 4271 1113 4323 ὅτι
1145 4270 1469 4337 Ζηνόδοτος
1506 4270 1795 4347 ἐλέγχεται
1828 4272 2071 4347 γράφων
2107 4220 2227 4336 „2ss
2264 4271 2407 4338 ἀτὰρ
2442 4272 2758 4337 ἑβδομάτην

473 4336 788 4458 ξριὲἒῖδιαὲ
823 4338 996 4406 χωρὶς
1031 4337 1136 4405 γάρ
1173 4337 1310 4393 εἰςιν
1343 4336 1400 4391 αἱ
1425 4336 1571 4390 ἑπτά
1609 4336 2043 4393 Amtomous
2078 4335 2151 4390 ad
2191 4340 2202 4392 Ι
2230 4342 2345 4395 638.
2384 4337 2527 4394 conf.
2568 4336 2752 4392 Schol.
