3144 5006
433 411 560 475 262
1368 410 1694 466 ΙΛΙΑΔΟ(
1747 413 1775 464 Ι.

605 566 850 644 πατρὸς
896 566 1264 646 χωομένοιο
1310 565 1468 630 κατὰ
1511 564 1755 643 μέγαρα
1800 569 2219 646 ςτρωφᾶςθαι.

606 667 645 747 ἦ
691 669 805 746 μὲν
852 668 1068 733 πολλὰ
1113 667 1249 731 ἔται
1293 666 1393 731 καὶ
1437 666 1694 745 ἀνεψιοὶ
1739 665 1937 748 ἀμφὶς
1982 666 2202 732 ἐόντες

437 775 560 834 465
607 769 809 836 αὐτοῦ
855 769 1226 850 λιςςόμενοι,
1257 769 1647 846 κατερήτυον
1693 768 1765 833 ἐν
1811 769 2155 852 μεγάροιςι,

605 874 820 937 πολλὰ
863 873 936 937 δὲ
977 871 1123 953 ἴφια
1165 873 1332 949 μῆλα
1377 871 1478 934 καὶ
1520 869 1847 935 εἰλίποδας
1891 871 2101 937 ἕλικας
2146 875 2297 951 βοῦς

607 972 908 1057 ἔςφαζον,
952 974 1188 1038 πολλοὶ
1231 974 1303 1037 δὲ
1347 972 1489 1037 ςὺες
1534 973 1919 1038 θαλέθοντες
1963 972 2208 1057 ἀλοιφῇ

615 1076 912 1155 εὑόμενοι
954 1075 1276 1141 τανύοντο
1322 1075 1427 1139 διὰ
1471 1075 1723 1156 φλογὸς
1766 1073 2164 1157 Ἣφαίςτοιο,

606 1178 860 1243 πολλὸν
907 1177 962 1240 δ’
1006 1177 1076 1242 ἐκ
1119 1176 1416 1256 κεράμων
1461 1176 1619 1258 μέθυ
1664 1178 1887 1241 πίνετο
1930 1180 2075 1241 τοῖο
2120 1177 2445 1255 γέροντος.

439 1287 564 1344 470
608 1278 937 1358 εἰνάνυχες
981 1278 1052 1343 δέ
1096 1298 1201 1357 μοι
1245 1276 1404 1359 ἀμφ’
1449 1277 1626 1361 αὐτῷ
1673 1279 1847 1357 παρὰ
1891 1278 2120 1342 νύκτας
2163 1277 2383 1343 ἴαυον·

607 1383 672 1446 οἳ
717 1382 831 1460 μὲν
876 1379 1281 1460 ἀμειβόμενοι
1324 1381 1617 1460 φυλακάς
1663 1378 1850 1462 ἔχον,
1897 1379 2054 1444 οὐδέ
2098 1380 2243 1463 ποτ’
2286 1380 2433 1460 έςβη

559 1524 565 1531 κ
609 1487 771 1563 πῦρ,
818 1482 1043 1562 ἕτερον
1089 1482 1204 1561 μὲν
1251 1480 1359 1545 ὑπ’
1402 1480 1665 1564 αἰθούςη
1710 1480 2006 1560 εὐερκέος
2052 1480 2274 1562 αὐλῆς,

569 1637 573 1641 .
608 1584 771 1649 ἄλλο
820 1584 878 1650 δ’
922 1583 1016 1649 ἐνὶ
1059 1582 1371 1667 προδόμῳ
1416 1583 1690 1662 πρόςθεν
1736 1581 2050 1663 θαλάμοιο
2097 1584 2376 1663 θυράων.

605 1685 747 1751 ἀλλ’
792 1683 900 1750 ὅτε
946 1687 1025 1764 δὴ
1071 1684 1300 1764 δεκάτη
1345 1705 1451 1764 μοι
1495 1684 1774 1763 ἐπήλυθε
1819 1684 1931 1750 νὺξ
1975 1684 2297 1768 ἐρεβεννή,

440 1792 563 1851 475
610 1788 716 1852 καὶ
757 1787 890 1852 τότ’
933 1787 1062 1864 ἐγὼ
1107 1787 1421 1866 θαλάμοιο
1466 1786 1987 1880 θύραςοπυκινῶς
2034 1785 2337 1867 ἀραρυίας

609 1889 800 1969 ῥήξας
844 1889 1132 1973 ἐξῆλθον,
1177 1889 1280 1953 καὶ
1324 1889 1694 1969 ὑπέρθορον
1740 1888 1953 1966 ἑρκίον
1999 1888 2218 1971 αὐλῆς,

609 1990 780 2075 ῥεῖα,
826 1990 1042 2056 λαθὼν
1088 1991 1382 2072 φύλακάς
1424 1991 1479 2055 τ’
1523 1990 1765 2070 ἄνδρας
1812 1990 2026 2074 δμῳάς
2070 2011 2137 2056 τε
2181 1995 2501 2068 γυναῖκας.

609 2098 860 2176 φεῦγον
906 2092 1101 2159 ἔπειτ’
1144 2091 1465 2158 ἀπάνευθε
1513 2092 1592 2155 δι’
1635 2091 1938 2157 Ἑλλάδος
1982 2092 2394 2175 εὐρυχόροιο,

610 2194 808 2273 Φθίην
854 2195 912 2258 δ’
956 2192 1245 2272 ἐξικόμην
1291 2194 1679 2275 ἐριβώλακα,
1724 2194 1964 2274 μητέρα
2008 2195 2253 2278 μήλων,

440 2300 566 2360 480
610 2295 674 2360 ές
718 2295 950 2373 Πηλῆα
993 2294 1244 2373 ἄναχθ’·
1291 2295 1330 2359 ὃ
1373 2295 1445 2359 δέ
1490 2314 1564 2372 με
1609 2293 1915 2375 πρόφρον
1961 2293 2296 2379 ὑπέδεκτο,

614 2396 714 2460 καί
759 2396 820 2476 μ’
863 2395 1106 2474 ἐφίλης’
1151 2394 1243 2459 ὡς
1287 2394 1345 2462 εἴ
1387 2415 1455 2460 τε
1499 2397 1711 2476 πατὴρ
1758 2396 1839 2462 ὃν
1884 2398 2082 2461 παῖδα
2126 2397 2382 2481 φιλήςῃ,

611 2500 856 2577 μοῦνον
901 2496 1278 2580 τηλύγετον,
1323 2498 1656 2563 πολλοῖςιν
1702 2498 1807 2564 ἐπὶ
1850 2498 2184 2583 κτεάτεςςι,

610 2598 709 2664 καί
752 2600 814 2679 μ’
856 2599 1133 2681 ἀφνειὸν
1177 2598 1391 2683 ἔθηκε,
1437 2600 1651 2667 πολὺν
1697 2601 1767 2665 δέ
1811 2621 1915 2680 μοι
1962 2600 2179 2667 ὤπαςε
2224 2602 2413 2668 λαόν·

2650 2723 2685 2770 k

578 2798 646 2853 V.
684 2819 732 2857 1..
785 2807 886 2856 463
921 2817 1065 2855 κατα
1102 2798 1218 2854 ΑΙ).
1262 2799 1507 2855 ἐνταῦθα
1543 2802 1843 2870 ςημείωςαι
1888 2804 1994 2869 ὡς,
2042 2803 2091 2858 εἴ
2128 2817 2234 2871 περ
2270 2804 2413 2858 κατά
2446 2819 2574 2857 τινα
2608 2808 2731 2857 τῶν

441 2868 809 2937 ἀντιγράφων
852 2872 1188 2937 γράφεται,
1195 2870 1364 2933 ,κατὰ
1409 2871 1624 2937 μέγαρα
1668 2872 2089 2939 ςτροφάαςθαι“
2134 2872 2224 2925 διὰ
2269 2876 2466 2938 μικροῦ
2512 2889 2568 2936 ο,
2616 2873 2733 2938 ἔχοι

442 2939 513 2991 ἂν
550 2938 800 3006 μεγάλην
836 2939 950 2993 ἀπο
917 2938 1079 3059 οὲίαν
1113 2908 1208 2991 καῖ’
1239 2938 1516 2992 δὺςλυτον
1552 2938 1587 3004 ἡ
1625 2940 1861 3006 τοιαύτη
1896 2940 2089 3006 γραφή
2126 2938 2281 2993 Euat.
2319 2945 2434 3004 764,
2459 2944 2508 2992 2.
2542 2969 2611 2978 -
2632 2945 2733 2993 464

445 3007 653 3060 πολλὰς
692 3009 895 3061 πολλοὶ
987 3007 1013 3059 t
1064 3003 1177 3074 Mg.
1224 3010 1350 3071 386,
1387 3010 1471 3060 46.
1517 3006 1639 3059 ἔται
1676 3004 1740 3060 G.
1786 3008 1962 3073 ἀμφὶς
2009 3008 2229 3061 ἐόντεςε
2267 3009 2328 3061 ἐν
2372 3008 2530 3075 ἄλλῳ
2567 3008 2733 3073 ἐγγὺς

443 3075 639 3128 ἐόντες
682 3075 747 3130 A.
795 3104 858 3113 —
904 3078 1005 3127 465
1048 3075 1327 3141 μεγάροιςι
1371 3071 1689 3127 ACDEGH.
1733 3103 1800 3113 -
1843 3079 1945 3128 466
1992 3075 2275 3129 εἰλίποδας
2321 3073 2480 3129 EGL.
2524 3104 2588 3114 —-
2631 3081 2733 3129 469

444 3176 592 3229 πολὺ
628 3175 691 3228 δὲ
727 3175 789 3228 ἐκ
826 3172 892 3229 G.
947 3177 1182 3227 πολλῶν
1217 3175 1268 3227 δ’
1302 3176 1365 3228 ἐκ
1410 3173 1447 3227 S
1482 3174 1572 3243 Ap
1576 3173 1669 3227 011.
1715 3173 1847 3228 Lex.
1886 3181 1969 3240 98,
2007 3183 2055 3229 5.
2100 3205 2165 3214 —·
2209 3182 2311 3230 470
2348 3161 2639 3242 εἰνάνυχες
2674 3175 2733 3230 C.

445 3243 624 3309 παρὰε
664 3245 792 3307 περὶ
830 3240 878 3295 G
915 3239 1052 3293 Mor.
1091 3276 1155 3285 -
1192 3246 1286 3294 471
1328 3241 1382 3294 οἳ
1417 3243 1519 3306 μὲν
1533 3192 1614 3295 PG
1654 3243 1810 3308 εἶχον
1840 3240 1898 3297 0.
1934 3278 2001 3287 —
2035 3249 2135 3298 472
2171 3245 2534 3311 ὑπαιθοὺςςηι
2572 3248 2635 3297 A.
2670 3246 2734 3297 ἑν

444 3310 677 3376 αἰθοὺςη
703 3306 762 3362 L.
801 3310 899 3363 ὑπ’
931 3307 1161 3374 αἰθοὺςη
1166 3324 1193 3362 ς
1218 3259 1470 3365 801101.μΑ
1500 3315 1613 3367 120.
1648 3309 1735 3362 Et.
1761 3309 1877 3363 Μ.
1904 3316 1986 3375 32,
2015 3317 2097 3365 47.
2122 3312 2184 3365 ἐν
2208 3314 2363 3380 ἄλλῳ
2389 3314 2450 3365 ἐν
2473 3311 2733 3388 αἰθοὺςςη

445 3377 510 3430 A.
532 3377 807 3454 εὐεργέος
844 3375 1026 3429 Schol.
1065 3379 1107 3429 Α
1128 3326 1259 3429 η120.
1297 3413 1360 3423 -
1397 3382 1498 3431 473
1534 3378 1618 3431 ἐνι
1652 3376 1719 3430 D.
1759 3379 1831 3432 ἐπ
1891 3351 2074 3433 Scl’ml.
2109 3380 2147 3434 Ε
2177 3384 2288 3433 137.
2325 3409 2390 3418 -
2425 3384 2525 3432 474
2550 3378 2734 3431 omitt.

447 3444 491 3497 D
527 3442 586 3498 in
622 3445 809 3507 textu,
847 3442 1021 3496 habet
1054 3443 1113 3495 in
1149 3459 1326 3514 marg.
1363 3460 1509 3498 man.
1548 3461 1659 3500 reo.
1694 3445 1983 3515 scriptum.
2020 3477 2084 3485 -
2120 3451 2221 3501 476
2257 3449 2443 3525 ἕρκιον
2470 3444 2631 3503 EGL.
2669 3475 2731 3485 —

442 3516 542 3565 477
572 3511 632 3564 τ’
667 3510 846 3564 omitt.
887 3510 953 3564 D.
989 3512 1201 3576 δμωιάς
1235 3511 1302 3565 A.
1348 3515 1541 3579 δμῶας
1579 3512 1646 3568 G.
1692 3545 1755 3555 —-
1793 3519 1893 3568 478
1929 3517 2165 3581 φεύγων
2200 3513 2246 3567 E
2294 3513 2375 3567 bis
2412 3512 2478 3572 G.
2514 3519 2733 3580 φεῦγον

444 3582 494 3634 δ’
531 3577 588 3634 C.
626 3580 998 3668 εὐρυχώροιο
995 3578 1044 3631 D
1074 3584 1118 3633 1.
1153 3596 1301 3634 man.
1327 3531 1421 3635 (2⁵⁸
1431 3610 1498 3620 —
1533 3587 1634 3636 479
1673 3583 1897 3648 μήλωνε
1924 3586 2117 3649 θηρῶν
2144 3581 2298 3635 Harl.
2335 3611 2400 3620 —
2434 3585 2536 3636 480
2560 3584 2737 3649 πηλῆ’

444 3700 662 3753 ἄνακτα
697 3696 763 3751 G.
799 3650 1013 3753 ἄνακτα
1048 3699 1114 3752 A.
1296 3701 1354 3754 ἐς
1405 3718 1481 3768 πη
1487 3703 1556 3765 λῆ
1521 3704 1596 3765 ἣα
1642 3702 1841 3765 ἄναχθ’
1875 3700 1938 3755 Α.
1988 3736 2051 3746 -
2097 3703 2273 3765 481μ
2277 3700 2352 3752 ’ἑ
2356 3698 2545 3768 φίλης
2578 3697 2731 3755 ACS.

448 3769 504 3833 μ’
538 3765 769 3835 ἑφίληςε
806 3764 855 3820 G
898 3764 1036 3819 Mor.
1082 3716 1245 3821 Har?
1286 3718 1500 3822 Townl.
1545 3767 1703 3821 Vrat.
1739 3767 1793 3820 b.
1840 3766 2099 3835 Apollon.
2136 3766 2205 3819 de
2236 3717 2318 3833 Sy
2321 3769 2399 3819 nt.
2441 3772 2554 3831 122,
2594 3774 2640 3821 5.
2678 3769 2735 3831 μ’

444 3835 576 3900 έφίλ
617 3850 711 3889 ςεν
736 3834 806 3887 de
833 3832 869 3886 S
950 3835 992 3887 t.
1021 3840 1134 3898 125,
1160 3842 1210 3889 3.
1250 3852 1399 3899 μεφ
1354 3835 1493 3903 φηίλ
1498 3851 1592 3889 ςεν
1628 3834 1699 3888 de
1736 3834 1900 3888 Pron.
1938 3841 2003 3889 50
2039 3833 2097 3890 C.
2133 3783 2318 3886 Bekk.
2350 3833 2560 3888 Anecd.
2586 3841 2733 3892 1145.

551 3852 753 3970 φἸληςέ
787 3904 841 3955 τ’
827 3851 948 3955 'ff
974 3919 1040 3967 με
1076 3904 1265 3971 φίλης’
1286 3901 1451 3957 DHL.
1458 3854 1567 3957 ηὼς
1604 3903 1718 3956 εἴτε
1743 3900 1864 3955 DE.
1904 3901 2078 3955 ceteri
2114 3900 2327 3955 ώςείτε.
2364 3903 2573 3972 φιλήςῃ
2609 3902 2732 3955 AE:

447 3971 668 4090 φιλὲςει
704 3919 1011 4092 ΟΙόίὲὲἑίιὸμ
1028 3919 1186 4024 Cant.
1222 3970 1360 4023 Mor.
1395 3969 1619 4023 Barocc.
1660 3968 1814 4071 qut.
1849 3969 1915 4028 A
1951 3998 2019 4009 -
2052 3974 2152 4023 482
2189 3972 2422 4024 πολλοῖς
2448 3968 2514 4025 G.
2552 3973 2644 4026 ἐπι
2669 3971 2734 4025 A.

448 4054 548 4092 κτε
585 4053 732 4092 τεςςι

586 4208 651 4260 A.
696 4226 743 4260 c.
802 4213 903 4262 464
939 4209 1233 4263 Διονὺςιος
1270 4209 1304 4262 ὁ
1329 4208 1477 4297 Θρᾷξ
1513 4207 1578 4261 ὲν
1602 4212 1687 4274 τῷ
1724 4207 1865 4274 πρὸς
1893 4207 2152 4276 Κράτητά
2177 4223 2311 4273 φηςι
2346 4210 2737 4276 γεγραμμένου

454 4275 913 4396 ''dvfssguffieckv
927 4277 1399 4399 ιιὲἑςέῗὲξζῖιυετὸν
1446 4275 1866 4345 Ἀρίςταρχον,
1873 4275 2062 4342 ,ἀμφὶς
2111 4276 2344 4330 ἑόντες“
2386 4273 2734 4346 Didymus,
