3144 5006
467 271 593 337 346
1379 273 1713 328 ιΛιΑΔος
1773 274 1836 327 ψ.

644 428 820 508 νίκης
861 427 1074 508 ίέςθην
1119 427 1426 507 τρίποδος
1468 428 1615 507 πέρι
1659 429 1975 505 ποιητοῖο.

647 530 782 595 οὔτ’
825 529 1126 595 Ὀδυςεὺς
1170 530 1412 595 δύνατο
1458 533 1694 611 ςφῆλαι
1740 529 1918 595 οὔδει
1960 549 2029 594 τε
2074 528 2416 613 πελάςςαι,

474 636 599 694 720
644 630 780 696 οὔτ’
820 629 975 696 Αἴας
1021 632 1291 708 δύνατο,
1339 633 1612 711 κρατερὴ
1660 631 1719 695 δ’
1761 628 1908 710 ἔχεν
1946 630 2013 694 ἲς
2058 630 2389 708 Ὀδυςῆος.

640 732 783 798 ἀλλ’
827 733 935 798 ὅτε
980 734 1059 813 δή
1105 733 1163 813 ῥ’
1207 733 1472 800 ἀνίαζον
1516 733 1898 814 ἐυκνήμιδας
1941 732 2268 813 Ἀχαιούς,

640 836 717 913 δὴ
762 834 907 900 τότε
950 856 1056 914 μιν
1100 835 1442 915 προςέειπε
1488 833 1684 915 μέγας
1728 835 2136 915 Τελαμώνιος
2178 832 2364 899 Αἴας·

815 939 1102 1013 διογενὲς
1146 935 1530 1019 Λαερτιάδη,
1577 937 1982 1016 πολυμήχαν’
2025 936 2353 1013 Ὀδυςςεῦ,

643 1038 681 1117 ἤ
727 1038 789 1117 μ’
833 1038 1093 1119 ἀνάειρ’,
1140 1039 1178 1118 ἢ
1224 1039 1352 1116 ἐγὼ
1399 1039 1495 1103 ςε’·
1539 1040 1621 1103 τὰ
1665 1040 1720 1103 δ’
1765 1038 1847 1104 αὖ
1890 1040 2003 1104 Διὶ
2045 1037 2257 1102 πάντα
2301 1036 2580 1117 μελήςει.

472 1145 593 1202 725
812 1141 901 1204 ὣς
947 1141 1149 1206 εἰπὼν
1195 1140 1481 1219 ἀνάειρε·
1531 1140 1732 1206 δόλου
1778 1142 1833 1206 δ’
1880 1140 1959 1205 ού
2006 1139 2215 1219 λήθετ’
2257 1138 2644 1204 Ὀδυςςεύς·

640 1241 793 1320 κόψ’
838 1239 1063 1307 ὄπιθεν
1108 1243 1377 1322 κώληπα
1418 1245 1667 1327 τυχών,
1713 1241 1986 1307 ὑπέλυςε
2032 1242 2104 1307 δὲ
2147 1245 2324 1318 γυῖα·

638 1344 757 1408 κὰδ
803 1345 859 1408 δ’
902 1343 1078 1425 ἔβαλ’
1121 1343 1423 1413 ἐξοπίςω·
1469 1345 1572 1409 ἐπὶ
1616 1346 1686 1410 δὲ
1734 1345 2049 1424 ςτήθεςςιν
2093 1343 2429 1409 Ὀδυςςεὺς

638 1445 953 1511 κάππεςε·
1002 1447 1148 1511 λαοὶ
1191 1447 1247 1511 δ’
1291 1445 1373 1512 αὖ
1417 1446 1690 1526 θηεῦντό
1735 1467 1803 1511 τε
1849 1444 2170 1527 θάμβηςάν
2213 1465 2301 1508 τε.

642 1547 943 1627 δεύτερος
988 1547 1126 1613 αὖτ’
1170 1549 1427 1629 ἀνάειρε
1473 1549 1800 1614 πολύτλας
1846 1552 1987 1613 δῖος
2032 1546 2399 1630 Ὀδυςςεύς,

469 1654 594 1713 730
638 1649 886 1728 κίνηςεν
932 1651 988 1715 δ’
1033 1649 1159 1730 ἄρα
1202 1652 1435 1715 τυτθὸν
1481 1649 1612 1717 ἀπὸ
1659 1650 1929 1733 χθονός,
1976 1649 2132 1714 οὐδέ
2175 1649 2231 1713 τ’
2275 1646 2529 1729 ἄειρεν,

637 1751 709 1815 ἐν
754 1753 826 1815 δὲ
868 1752 1029 1828 γόνυ
1072 1752 1399 1832 γνάμψεν·
1448 1753 1554 1818 ἐπὶ
1599 1754 1671 1817 δὲ
1714 1753 1897 1832 χθονὶ
1943 1750 2272 1816 κάππεςον
2318 1749 2518 1832 ἄμφω

639 1852 892 1933 πληςίοι
937 1854 1289 1932 ἀλλήλοιει,
1336 1854 1685 1935 μιάνθηςαν
1731 1855 1802 1918 δὲ
1843 1852 2045 1937 κονίῃ.
2369 1869 2372 1870 ’

640 1955 744 2028 καί
789 1956 868 2020 νύ
913 1976 982 2021 κε
1026 1955 1103 2020 τὸ
1146 1955 1362 2037 τρίτον
1407 1955 1585 2021 αύτις
1627 1955 1966 2022 ἀναΐξαντε
2012 1955 2322 2036 πάλαιον,

638 2056 692 2120 εἰ
733 2059 814 2136 μὴ
859 2057 1183 2138 Ἀχιλλεὺς
1227 2058 1421 2123 αὐτὸς
1467 2057 1761 2124 ἀνίςτατο
1807 2059 1907 2123 καὶ
1950 2058 2280 2135 κατέρυκε·

477 2161 603 2219 735
819 2159 1028 2238 μηκέτ’
1072 2160 1458 2240 ἑρείδεςθον,
1507 2162 1663 2241 μηδὲ
1708 2159 1986 2241 τρίβεςθε
2032 2161 2305 2224 κακοῑςι·

638 2259 776 2337 νίκη
824 2261 881 2325 δ’
924 2261 1412 2343 ἀμφοτέροιςιν·
1461 2261 1686 2327 ἀέθλια
1731 2264 1787 2327 δ’
1830 2260 1909 2325 ic’
1941 2262 2299 2326 ’ἀνελόντες

635 2360 897 2445 ἔρχεςθ’,
943 2360 1122 2444 ὄφρα
1165 2365 1268 2429 καὶ
1310 2362 1497 2429 ἄλλοι
1543 2363 1932 2429 ἀεθλεύωςιν
1976 2362 2235 2442 Ἀχαιοί.

816 2463 906 2530 ὣς
950 2464 1159 2546 ἔφαθ’,
1193 2465 1259 2533 οἳ
1303 2467 1359 2532 δ’
1390 2464 1515 2547 ἄρα
1557 2468 1677 2532 τοῦ
1708 2466 1879 2547 μάλα
1922 2465 2037 2547 μὲν
2070 2463 2269 2531 κλύον
2315 2462 2432 2543 ἠδὲ
2461 2466 2769 2544 πίθοντο,

604 2673 673 2727 V.
712 2692 762 2727 1..
834 2682 933 2731 718
970 2677 1160 2745 ίέςθην
1195 2676 1309 2730 DL.
1356 2680 1548 2743 ἰ’έςθην
1584 2677 1651 2730 A.
1689 2693 1816 2745 περι
1851 2675 2073 2731 ADHL.
2111 2677 2241 2743 περὶ
2278 2673 2334 2732 O.
2390 2712 2456 2720 —
2505 2682 2603 2732 719
2639 2679 2774 2734 οὔθ’

468 2743 696 2796 ὀδυςεὺς
735 2741 793 2797 C.
830 2745 1089 2800 ὸδυςεεὺς
1127 2744 1278 2797 DEH
1301 2744 1423 2813 Syr.
1460 2746 1767 2802 ΟΥΔΕΙΔΕ
1791 2745 1828 2800 S
1869 2763 1911 2799 r.
1948 2746 2184 2800 πελάςαι
2210 2742 2277 2801 D.
2316 2774 2382 2783 —
2421 2751 2518 2800 721
2560 2747 2769 2814 εὐκνή·

469 2812 619 2873 μιδες
655 2811 690 2864 ἀ
728 2817 837 2866 αιοὶ
873 2812 969 2865 DE
1005 2812 1127 2881 Syr.
1173 2814 1380 2880 (omiss.
1427 2817 1564 2879 acc.)
1611 2814 1772 2869 Rom.
1854 2816 2158 2879 ϋκνήμιδας
2202 2813 2432 2879 ἀχαιοὺς
2475 2812 2770 2869 ACGHLS

468 2878 625 2932 Cant.
711 2895 888 2937 ποορ.
925 2879 1065 2935 Mor.
1110 2879 1265 2937 Harl.
1310 2880 1462 2950 Lips,
1505 2880 1675 2935 Mose.
1714 2889 1761 2934 2.
1804 2882 1957 2936 Vrat.
1996 2882 2049 2939 b.
2109 2891 2148 2937 1.
2198 2899 2346 2935 man.
2396 2884 2463 2939 A.
2505 2881 2648 2937 Ven.
2697 2882 2768 2940 B.

466 2944 615 3003 Flor.
653 2945 807 3000 Euat.
848 2953 998 3015 1326,
1034 2953 1117 3002 46.
1164 2978 1230 2987 -
1276 2954 1375 3003 722
1420 2951 1557 3005 τότὲ
1601 2949 1662 3005 L.
1708 2951 2040 3018 προςὲειπεν
2084 2949 2151 3004 D.
2197 2980 2263 2988 —
2312 2955 2411 3004 724
2448 2951 2673 3018 ἀνάειρε
2721 2948 2768 3003 G

469 3079 617 3135 Flor.
653 3083 766 3148 ἐγώ
804 3100 863 3139 ςε
910 3082 1020 3138 CD.
1067 3086 1140 3138 τὰ
1184 3086 1246 3139 δὲ
1292 3087 1362 3141 αὖ
1399 3086 1462 3140 G.
1517 3123 1584 3132 -
1638 3092 1736 3141 725
1773 3086 1852 3139 ὡς
1887 3083 1953 3136 A.
2011 3112 2074 3122 -
2129 3087 2227 3137 726
2263 3042 2417 3150 κῗμιεμ
2455 3086 2658 3138 ὄπιθεν
2694 3083 2767 3137 Η.

472 3150 667 3204 ὀπιςθε
723 3149 788 3207 D.
846 3182 911 3192 ——
969 3157 1067 3208 727
1123 3155 1280 3219 καρδ’
1341 3152 1595 3208 ACDGH
1642 3152 1762 3221 Syr.
1825 3151 1979 3206 ἔπες’
2039 3152 2090 3205 A
2153 3150 2308 3205 Vrat.
2364 3151 2417 3204 d.
2483 3169 2571 3220 γρ.
2641 3153 2768 3206 καδ’

467 3219 625 3283 ἔβαλ’
669 3220 735 3271 A.
785 3249 848 3258 -
897 3226 996 3275 728
1044 3223 1333 3289 θαύμαςάν
1378 3239 1441 3276 τε
1488 3222 1646 3275 Vrat.
1682 3223 1750 3274 A.
1795 3249 1859 3258 —
1908 3225 2006 3274 729
2052 3221 2318 3285 δεύτερος
2354 3220 2407 3273 δ’
2438 3218 2501 3276 Ε.
2551 3248 2609 3257 -
2663 3226 2766 3273 730

468 3287 584 3339 ἀπο
635 3288 703 3338 A.
762 3288 881 3340 οὐδ’
930 3290 1014 3342 ἔτ’
1067 3288 1135 3346 Η.
1200 3291 1350 3357 ἄειρε
1405 3288 1470 3343 G.
1518 3319 1584 3329 —
1640 3295 1734 3343 731
1781 3289 2004 3355 κάμψεν
2057 3285 2123 3340 D.
2177 3290 2399 3352 γνάψεν
2434 3286 2496 3340 L.
2563 3288 2660 3340 ἐπι
2695 3288 2763 3342 D.

468 3353 761 3407 κάππεςαν
798 3353 840 3408 C
876 3354 1020 3409 Flor.
1068 3386 1134 3394 —
1181 3363 1279 3411 732
1325 3358 1561 3425 πληςίον
1610 3356 1677 3411 D.
1724 3358 1927 3424 μιάνθη
1965 3355 2022 3409 L.
2068 3390 2132 3399 —
2180 3360 2277 3408 733
2312 3355 2471 3410 αὖθῑς
2507 3352 2567 3407 C.
2606 3354 2763 3409 ἀναῐ-

469 3423 634 3474 ξαντε
673 3422 915 3476 πάλαιον
964 3422 1011 3475 H
1059 3423 1179 3491 Syr.
1228 3423 1384 3478 Harl.
1435 3424 1649 3480 Townl.
1693 3425 1862 3481 Mose.
1899 3431 1945 3477 2.
1984 3423 2137 3478 Vrat.
2176 3421 2229 3478 b.
2274 3423 2608 3477 ἀναΐξαντες
2659 3425 2764 3475 πά·

468 3491 629 3542 λαιον
674 3486 723 3542 G
766 3488 912 3543 Flor.
964 3492 1139 3545 ceteri
1183 3494 1476 3546 ἀναΐξαντ’
1517 3494 1805 3548 ἐπάλαιον.
1860 3520 1925 3532 —-
1970 3498 2070 3546 734
2114 3491 2341 3556 ἀχϊλεὺς
2377 3489 2433 3546 C.
2483 3492 2762 3558 κατέρυκε

466 3554 762 3610 ACEGHL
797 3557 918 3625 Syr.
958 3589 1015 3598 —
1058 3566 1157 3614 735
1194 3562 1268 3626 μὴ
1307 3561 1369 3614 κέ
1404 3562 1459 3613 τ’
1493 3560 1652 3617 ACD.
1689 3561 1971 3626 ἑρΐδεςθον
2009 3558 2049 3613 C
2086 3559 2224 3614 Ven.
2263 3557 2324 3615 B.
2360 3559 2644 3625 ἐρίζεςθον
2671 3557 2760 3612 Gs

469 3622 627 3680 Cant.
675 3622 822 3682 Flor.
870 3630 943 3693 μὴ
989 3630 1050 3682 δὲ
1094 3626 1185 3682 CD
1232 3643 1301 3681 ex
1348 3644 1485 3681 corr.
1523 3626 1639 3679 HL.
1688 3627 1828 3695 μήδε
1865 3626 1929 3681 G.
1978 3632 2190 3682 κακοῖςι
2233 3625 2486 3681 ACDGH
2531 3626 2655 3695 Syr.
2695 3656 2761 3666 —

467 3696 566 3744 736
601 3692 672 3746 Δ’
703 3691 1227 3750 ΕΙΕΑΝΕΛΟΝΤΕΕ
1262 3693 1383 3784 Syr.
1416 3724 1483 3734 —
1521 3700 1619 3748 737
1656 3695 2028 3749 ἀεθλεύςωςιν
2064 3692 2158 3747 DL
2183 3692 2396 3747 Townl.
2421 3694 2581 3749 Vrat.
2615 3694 2671 3749 b.
2702 3693 2758 3751 d.

466 3761 785 3894 AEflgffffifflc
820 3761 888 3820 A.
926 3762 984 3817 οἳ
1017 3765 1066 3817 δ’
1100 3762 1162 3816 L.
1209 3762 1296 3818 οἵδ
1349 3760 1461 3818 CH.
1508 3763 1611 3828 ἠδὲ
1656 3762 1896 3817 πίθοντο
1933 3761 2002 3816 Η.
2046 3763 2147 3828 ἠδε
2195 3762 2430 3817 πίθοντο
2465 3761 2534 3816 D.
2580 3762 2762 3817 ceteri

720 3845 877 3884 οντο.

606 4033 671 4086 A.
708 4051 757 4090 c.
827 4039 926 4088 718
963 4036 1091 4102 πέρι
1125 4033 1508 4088 Herodianus:
1558 4039 1687 4101 περὶ
1732 4034 1968 4092 Ptolem.
2013 4031 2360 4088 Ascalonita.
2409 4061 2475 4072 -
2522 4039 2618 4086 721
2668 4036 2759 4089 ὅτι

471 4099 599 4154 ἀντὶ
642 4106 747 4154 τοῦ
796 4103 876 4157 είς
921 4103 1086 4156 ἀνίαν
1131 4104 1275 4169 ἦγον
1322 4105 1412 4156 καὶ
1460 4105 1763 4170 ἐχρόνιζον.
1806 4107 1981 4157 τοῦτο
2034 4104 2094 4156 δὲ
2140 4105 2213 4170 μὴ
2251 4103 2558 4170 νοήςαντες
2596 4105 2758 4166 μετέ·

469 4183 696 4234 γραψαν
732 4169 1028 4236 ἐϋκήμιδες
1068 4170 1277 4237 Ἀχαιοί
1312 4170 1768 4224 Aristonicus.
1809 4200 1876 4209 —-
1912 4176 2009 4223 ‘124
2046 4172 2144 4237 ἢμ’
2178 4175 2267 4231 (ε-
2301 4173 2336 4234 ἡ
2375 4170 2463 4234 ἔμ’
2523 4168 2756 4224 Habron

472 4234 623 4300 apud
660 4236 842 4304 Apoll.
887 4237 958 4291 de
984 4238 1140 4306 Synt.
1182 4242 1296 4304 126,
1319 4244 1368 4292 4.
1405 4238 1547 4293 conf.
1574 4237 1645 4292 cle
1671 4236 1837 4293 Pron.
1863 4245 1923 4294 51
1952 4238 2018 4292 A.
2045 4268 2109 4277 —
2135 4243 2229 4292 731
2257 4238 2344 4291 ενι
2382 4237 2445 4292 ἓν
2514 4238 2755 4306 optines.
