3144 5006
1319 412 1649 468 ιΛιΑΔος
1696 410 1768 464 11.
2113 440 2122 445 -
2469 494 2480 503 ἢ
2589 411 2673 477 69

724 567 1191 649 Παφλαγόνων
1237 567 1306 633 δ’
1349 567 1564 647 ἡγεῖτο
1609 567 2051 647 Πυλαιμένεος
2095 564 2315 630 λάςιον
2360 569 2477 645 κῆρ

557 669 624 737 ἐξ
669 669 976 749 Ἐνετῶν,
1019 669 1174 735 ὅθεν
1217 669 1501 749 ἡμιόνων
1546 669 1738 745 γένος
1782 667 2229 750 ἀγροτεράων,

556 771 622 835 οἵ
666 771 747 851 ῥα
794 771 1098 851 Κύτωρον
1142 770 1301 850 ἔχον
1344 772 1447 834 καὶ
1491 769 1779 850 (ήςαμον
1824 769 2278 851 ἀμφενέμοντο

555 870 718 954 ἀμφί
763 894 832 938 τε
875 875 1242 955 Παρθένιον
1287 872 1584 953 ποταμὸν
1631 873 1827 938 κλυτὰ
1871 871 2117 951 δώματ’
2162 870 2412 948 ἔναιον,

378 978 508 1036 855
558 974 868 1055 Κρῶμνάν
912 976 978 1040 τ’
1020 974 1321 1053 Αἰγιαλόν
1365 994 1433 1040 τε
1479 976 1583 1039 καὶ
1624 972 1924 1061 ὑψηλοὺς
1965 972 2344 1053 Ἐρυθίνους.

722 1075 924 1158 αὐτὰρ
969 1077 1333 1145 Ἁλιζώνων
1377 1076 1591 1142 Ὀδίος
1635 1077 1739 1141 καὶ
1782 1075 2203 1156 Ἐπίςτροφος
2244 1073 2450 1155 ἦρχον

554 1179 823 1257 τηλόθεν
868 1180 937 1247 ἐξ
980 1179 1277 1262 Ἀλύβης,
1324 1177 1476 1244 ὅθεν
1521 1176 1809 1258 ἀργύρου
1853 1173 1979 1242 ἐςτὶ
2021 1177 2307 1256 γενέθλη.
2427 1249 2450 1271 ⁰

723 1280 957 1347 Μυςών
1001 1281 1074 1346 δὲ
1120 1279 1352 1361 Χρόμις
1394 1281 1551 1363 ἦρχε
1595 1281 1700 1345 καὶ
1740 1280 2053 1359 Ἔννομος
2098 1278 2441 1357 οἰωνιςτής.

553 1379 705 1444 ἀλλ’
749 1381 866 1447 οὐκ
910 1381 1231 1449 οἰωνοῑςιν
1278 1382 1547 1462 ἐρύςατο
1594 1385 1755 1462 κῆρα
1798 1381 2132 1462 μέλαιναν,

516 1616 587 1671 V.
624 1635 676 1671 1..
727 1622 823 1673 851
862 1620 913 1672 δ’
944 1618 1128 1674 omitt.
1157 1617 1209 1675 S.
1238 1647 1304 1658 —-
1327 1622 1427 1674 852
1461 1620 1739 1674 ὲξενετῶν
1761 1617 1828 1670 Α.
1867 1619 1958 1672 καὶ
1995 1618 2211 1673 ἐνετῶν
2239 1616 2305 1672 G.
2330 1647 2394 1656 —
2420 1621 2524 1673 854
2558 1617 2664 1672 δώ-

378 1686 511 1747 ματ’
546 1687 761 1740 ἔναιονι
797 1687 915 1754 ἔργ’
949 1686 1226 1754 ἐνέμοντο
1261 1686 1462 1741 Strabo
1498 1685 1652 1752 xm,
1686 1690 1802 1741 590.
1829 1714 1893 1726 --
1925 1690 2027 1740 855
2062 1703 2095 1745 κ
2185 1702 2329 1751 μναν
2363 1687 2416 1738 τ’
2452 1684 2517 1740 Gr.
2556 1687 2663 1752 ἐρι-

376 1754 587 1807 θύνους
622 1751 680 1806 L.
715 1783 782 1792 —-
816 1758 918 1808 856
954 1755 1276 1811 Ἁλιζώνων
1311 1752 1463 1808 EGH
1498 1752 1701 1808 Strabo
1735 1752 1858 1817 XII,
1897 1759 2013 1807 549.
2105 1754 2145 1806 t.
2182 1752 2243 1806 M
2285 1793 2298 1806 .
2335 1757 2417 1819 64,
2457 1759 2506 1809 1.
2549 1756 2662 1807 αλι-

375 1821 583 1875 ζώνων
618 1824 683 1875 A.
724 1822 1063 1877 Ἀλαζώνων
1100 1821 1283 1877 Cram.
1309 1822 1490 1891 Epim.
1516 1827 1599 1887 78,
1637 1827 1720 1878 25.
1761 1820 1944 1877 Ὀδίος
1977 1818 2195 1875 ACHL:
2235 1771 2418 1876 ’ἰδίας
2441 1819 2538 1874 EG
2574 1819 2661 1874 Et.

376 1886 495 1975 Mg.
531 1894 615 1954 64,
656 1894 700 1942 1.
736 1886 920 1943 Schol.
957 1907 1004 1944 ω
1041 1896 1162 1945 304.
1202 1920 1264 1930 -
1288 1895 1388 1945 857
1424 1891 1628 1959 τηλόθῖ
1660 1888 1703 1941 L
1738 1889 1869 1959 post
1891 1905 1995 1943 ras.
2035 1889 2261 1943 ἐλθόντ’
2296 1889 2355 1944 ἑξ
2394 1889 2660 1956 Ἀλόπης,

377 1958 451 2010 ὅθ
507 1956 891 2022 Ἀμαζονίδων
924 1959 1087 2023 γένος
1122 1960 1274 2013 ἐςτιν
1310 1957 1505 2028 Steph.
1541 1957 1676 2026 Byz.
1713 1962 1796 2023 77,
1840 1963 1917 2012 14.
1950 1986 2016 1996 -
2051 1962 2151 2011 859
2188 1957 2425 2024 ἑρύςατο
2461 1954 2506 2009 Ε
2542 1961 2659 2021 364,

380 2030 446 2077 10
482 2025 545 2077 et
581 2030 643 2079 19
679 2022 796 2077 GL:
834 2026 1102 2094 έρύςςατο
1137 2026 1298 2082 ACH.

379 2252 460 2297 11.
495 2245 602 2298 τὸν
636 2245 826 2312 ςτίχον
863 2248 1102 2314 ,,Ἀξιοῡ,
1141 2249 1208 2302 οὗ
1247 2249 1543 2303 κάλλιςτον
1588 2248 1742 2314 ὕδωρ
1787 2244 2135 2301 ἐπικίδναται
2176 2247 2350 2300 αῑαν“
2389 2262 2531 2312 μετα
2602 2248 2660 2300 ά-

374 2328 579 2379 φουςιν
613 2314 801 2368 οὕτως
838 2315 1081 2383 ,,Ἀξιοῠ,
1119 2317 1167 2385 ᾧ
1195 2317 1493 2371 κάλλιςτον
1527 2317 1684 2382 ὕδωρ
1718 2314 2065 2371 ἐπικίδναται
2102 2313 2276 2382 Αἷης“
2306 2312 2508 2368 Strabo
2587 2314 2657 2381 ΙΙ,

374 2386 495 2438 330.
540 2383 701 2449 φέρει
744 2382 808 2436 δὲ
850 2382 921 2436 τὸ
965 2383 1099 2438 ἔπος
1144 2386 1236 2438 καὶ
1280 2384 1518 2440 Εὔδοξος
1563 2384 1701 2439 ἄνευ
1746 2387 1851 2438 τοῦ
1885 2386 1936 2437 V
1974 2383 2219 2451 ,,Ἀξιοθ,
2255 2383 2324 2437 οῦ
2362 2384 2658 2438 κάλλιςτον

373 2449 533 2517 ὕδωρ
568 2448 916 2505 ἐπικίδναται
949 2451 1090 2507 Αἲα“
1127 2450 1309 2507 Schol.
1345 2455 1379 2508 λ
1415 2458 1532 2508 239.

512 2517 578 2570 A.
614 2535 663 2571 c.
715 2522 817 2574 852
854 2520 1125 2577 Ἐνετῶνε
1163 2520 1480 2575 Zenodotus
1505 2519 1730 2587 Ἐνετῆς
1766 2520 1858 2575 vel
1883 2519 2123 2588 Ἑνὲτης,
2159 2519 2303 2574 conf.
2328 2518 2511 2574 Strab.
2534 2519 2658 2587 XII,

374 2590 504 2647 543ς
541 2589 658 2640 553.
693 2584 847 2640 Eunt.
892 2593 1010 2654 361,
1050 2594 1128 2642 19.
1177 2619 1240 2629 -
1288 2593 1390 2644 855
1435 2589 1711 2657 Κρῶμνάν
1754 2590 1809 2642 τ’
1855 2587 2124 2654 Αἰγίαλόν
2165 2602 2231 2646 τε
2273 2589 2552 2656 γράφεται
2596 2591 2660 2645 δὲ

375 2654 699 2720 ,,Κρώμναν
737 2655 1029 2720 Κωβίαλόν
1061 2658 1164 2711 τε“
1201 2655 1297 2711 Sto
1338 2655 1394 2713 h.
1430 2654 1565 2725 Byz.
1601 2663 1684 2720 40,
1727 2662 1806 2710 17.
1849 2674 1885 2723 γ
2004 2671 2123 2710 ουςι
2168 2656 2228 2710 δέ
2271 2671 2423 2710 τινες
2467 2657 2544 2722 „K
2585 2660 2660 2711 ώ-

376 2737 523 2786 μναν
568 2722 861 2789 Κωβίαλόν
876 2725 1008 2778 ‘’rc“
1062 2722 1265 2779 Sssrabo
1373 2723 1450 2792 ΙΙ,
1488 2730 1616 2792 545,
1664 2724 1809 2784 conf,
1901 2741 1968 2778 us
1998 2765 2012 2778 .
2059 2727 2186 2789 362,
2223 2728 2316 2790 29,
2363 2724 2464 2793 qui
2572 2723 2660 2780 dit

376 2790 763 2845 Ἀπολλώνιος
796 2791 859 2845 δὲ
893 2793 1096 2859 γράφει
1131 2793 1195 2847 ἑν
1231 2798 1351 2848 τοῖς
1387 2792 1593 2847 ἑαυτοῦ
1621 2791 1950 2859 ,,Κωβίαλον
1988 2792 2265 2859 Κρώμναν
2295 2807 2362 2847 τε
2396 2794 2488 2847 καὶ
2523 2793 2658 2860 ὑλή-
2721 2824 2740 2836 ·

374 2872 515 2911 εντα
553 2857 863 2926 Κύτωρον“
909 2859 1115 2928 (Apoll.
1160 2858 1337 2913 Rhod.
1385 2859 1465 2912 Ar
1505 2875 1597 2914 on.
1636 2859 1716 2927 II,
1755 2862 1895 2928 942).
1949 2860 2083 2927 παρ’
2116 2855 2347 2927 Ὁμήρῳ
2393 2860 2457 2915 δὲ
2493 2876 2657 2927 μετα-

371 2924 653 2991 γράφεται
687 2926 816 2979 ἀντὶ
851 2932 956 2981 τοῦ
992 2929 1311 2994 ,,Κρώμναν
1346 2929 1400 2980 τ’
1425 2877 1695 2992 Αῗγίαλόν
1718 2930 1822 2982 τε“
1861 2927 2177 2994 ,,Κρώμναν
2200 2928 2528 2993 Κρωβίαλόν
2551 2930 2654 2982 τε“

374 2990 562 3046 Schol.
606 2992 791 3061 Apoll.
836 2992 1018 3049 Rhod.
1053 2994 1132 3061 ΙΙ,
1169 3001 1284 3051 942.
1336 2996 1468 3064 post
1508 2999 1611 3050 855
1656 2994 1914 3049 nonnulli
1950 2995 2255 3049 Καύκωνας
2298 2996 2348 3048 δ’
2392 2995 2519 3048 αὖτ’
2552 2996 2657 3062 ἦγε

372 3059 702 3116 Πολυκλέος
737 3061 859 3116 υἱὸς
893 3062 1135 3129 ἀμύμων
1159 3061 1336 3130 (Ειιειίι.
1361 3063 1622 3129 Ἄμειβος
1656 3065 1691 3130 ἢ
1730 3064 2015 3129 Ἀμύμων,
2056 3060 2240 3116 Schol.
2265 3063 2315 3116 Υ
2339 3067 2438 3116 329
2469 3063 2657 3127 ,Ἄμει-

373 3129 515 3194 βος),
551 3127 607 3182 οἳ
641 3131 770 3196 περὶ
804 3130 1123 3197 Παρθένιον
1156 3131 1418 3196 ποταμὸν
1452 3127 1632 3185 κλυτά
1666 3132 1886 3197 δώματ’
1916 3132 2105 3187 ἔναιον
2150 3128 2325 3195 (Euat.
2368 3132 2515 3185 κατὰ
2548 3132 2654 3185 δώ-

372 3201 735 3318 ffi‘ffiffi
737 3198 1122 3319 «,Ἇέἑλῗὰηέώ
1151 3196 1800 3320 ιτζὲέἔὲἑὲᾟῗῗωὲιῖ
1833 3198 2652 3321 333⁸*5sss01ffl04ffisz‘zwffile

375 3336 527 3395 1210,
562 3335 647 3386 47.
668 3360 739 3371 -
760 3336 861 3387 856
895 3283 1088 3399 οίΡμὲν
1114 3334 1565 3401 μεταγράφουςιν
1592 3307 2025 3402 ,ζἈλαζώνωνἫ
2062 3333 2116 3389 οἱ
2151 3336 2202 3388 δ’
2226 3307 2653 3400 ,,Ἀμαὶζίιίινων*ἱ

371 3403 704 3466 ποιοῦντες,
749 3400 819 3453 τό
865 3403 917 3454 δ’
979 3403 1054 3468 ,ἐξ
1092 3402 1371 3470 Ἀλύβης“
1422 3402 1518 3470 ,,ἑξ
1566 3404 1854 3470 Ἀλόπης“
1898 3404 1935 3469 ἢ
1991 3402 2087 3469 ,,ἑξ
2132 3403 2406 3471 Ἀλόβης“
2451 3401 2653 3458 Strabo

370 3465 498 3533 XII,
536 3471 653 3522 550.
696 3468 903 3535 γράφει
950 3442 1239 3538 (Ἔφορος)
1290 3472 1399 3537 γὰρ
1450 3471 1639 3525 οὕτως
1675 3472 1895 3538 ,,αὐτὰρ
1943 3470 2288 3536 Ἀμαζώνων
2334 3470 2516 3526 Ὀδίος
2561 3475 2654 3526 καὶ

374 3534 567 3591 Ἐπίςτ
789 3535 995 3604 ἦρχον,
1041 3538 1267 3593 ἐλθόντ’
1311 3538 1369 3593 ἑξ
1409 3537 1588 3593 Ἀλύπ
1630 3555 1685 3601 ς,
1730 3540 1818 3593 ὅθ’
1867 3537 2249 3605 Ἀμαζονίδων
2291 3540 2455 3605 γένος
2500 3540 2652 3594 ἐςτί“

371 3601 579 3657 Strabo
684 3601 738 3676 Ι,
774 3609 892 3669 550,
930 3604 1028 3672 qui
1061 3605 1254 3675 paullo
1288 3604 1438 3658 infra
1471 3556 1635 3659 adda
1669 3608 1758 3661 καὶ
1795 3609 1830 3675 ἡ
1870 3609 2203 3674 μεταγραφὴ
2248 3608 2310 3661 δὲ
2354 3609 2508 3675 παρὰ
2542 3611 2652 3674 τὴν

369 3675 493 3725 τῶν
528 3671 898 3738 ἀντιγράφων
932 3678 1053 3728 τῶν
1087 3673 1339 3742 ἀρχαίων
1375 3673 1558 3728 πίςτιν
1583 3676 2062 3744 καινοτομουμὲνη
2100 3676 2194 3729 ἐπὶ
2227 3680 2505 3731 τοςοῠτον
2535 3692 2650 3742 ςχε-

367 3740 579 3806 διαςμῷ
615 3740 815 3795 ἔοικεν.
852 3738 1232 3809 Palaephatus
1268 3741 1610 3796 Ἀλαζώνων
1643 3743 1788 3797 toste
1825 3741 2098 3797 Strabone
2133 3741 2256 3809 XII,
2290 3749 2416 3809 551,
2460 3741 2650 3798 Mene·
2731 3793 2738 3798 .

369 3809 553 3862 crata
587 3807 651 3862 et
683 3806 1061 3877 Apollodorus
1096 3809 1419 3864 Ἁλίζωνων
1454 3808 1598 3877 (XII,
1623 3813 1762 3878 552).
1798 3811 1948 3878 λέγει
1984 3813 2042 3880 (ό
2077 3811 2440 3879 γεωγράφος)
2475 3811 2537 3868 δὲ
2561 3813 2652 3865 καὶ

366 3877 455 3929 δτι
489 3875 560 3929 τό
596 3876 925 3931 Ἁλιζώνων
959 3877 1029 3930 οὐ
1066 3878 1244 3943 μόνον
1282 3878 1608 3933 Ὀλιζώνων
1649 3881 1799 3934 τινες
1847 3881 2322 3947 μεταγράφουςιν,
2369 3879 2514 3934 ἀλλὰ
2559 3880 2650 3933 καὶ

370 3943 713 4000 Ἀλαζώνων
747 3941 901 3998 Eunt.
929 3948 1048 4011 363,
1073 3949 1153 4000 18.
1176 3975 1241 3984 -
1266 3950 1365 4000 857
1402 3946 1460 4001 ἐξ
1499 3946 1671 4013 Ἀλύβ
1750 3966 1764 3998 :
1802 3948 2054 4015 Ἀλόπης
2085 3945 2464 4015 Palaephatus
2497 3946 2650 4016 apud

365 4009 704 4068 Strabonem
737 4009 860 4075 XII,
900 4015 1017 4066 551.
1063 4014 1124 4068 ἐκ
1158 4012 1423 4080 Χαλύβης
1463 4013 1561 4067 alii
1605 4015 1692 4069 tes
1788 4013 2062 4069 Strabone
2099 4013 2222 4079 XII,
2256 4019 2381 4079 5493
2418 4018 2534 4069 551.
2576 4016 2668 4067 τό.

360 4080 421 4136 δέ
452 4081 554 4149 ,,ἐξ
593 4081 877 4148 Ἀλύβης“
914 4081 1012 4146 ,,ἐξ
1039 4082 1331 4148 Ἀλύβων“
1353 4082 1501 4136 τινὲς
1524 4082 1854 4150 γρόφουςιν,
1892 4085 2074 4149 ἕτεροι
2097 4083 2159 4137 δὲ
2194 4083 2296 4148 ,,έκ
2318 4080 2647 4148 Χαλύβων“,

355 4151 515 4206 ἄλλοι
549 4151 655 4218 „ei
690 4149 1003 4216 Ἀλόπης“,
1041 4151 1076 4216 ἢ
1113 4149 1259 4204 κατὰ
1294 4149 1667 4238 Μενεκράτην
1704 4152 1802 4217 ,,ὲξ
1840 4151 1973 4206 Ἀλό
2009 4150 2140 4218 ης“,
2183 4151 2266 4204 ἔτι
2311 4151 2373 4204 δὲ
2417 4151 2508 4205 καὶ
2544 4151 2648 4218 ,,ἑκ

350 4219 655 4287 'wulfine‘
690 4215 850 4271 Euat„
888 4220 1012 4295 363,
1050 4223 1130 4274 12.
1167 4252 1234 4262 —
1269 4222 1370 4273 850
1405 4219 1645 4286 ἐρυςατο
1680 4219 1785 4272 etsi
1818 4234 1930 4272 non
2005 4233 2088 4284 oc,
2124 4216 2224 4272 sed
2259 4217 2516 4271 omnibus
2559 4235 2646 4273 oe-

345 4289 480 4345 ten'a
515 4286 665 4344 Ιοοίο
699 4284 928 4340 habent
967 4283 1100 4339 hbri
1140 4284 1402 4340 meliores
1443 4302 1557 4340 uno
1593 4293 1643 4342 ’ς’
1678 4285 1975 4356 seriptum,
2021 4285 2165 4340 conf.
2213 4287 2251 4342 Ε
2287 4291 2410 4355 344,
2450 4288 2493 4342 Λ
2529 4292 2645 4355 363,

337 4359 386 4415 ο
423 4363 548 4425 290,
588 4356 647 4412 Υ
686 4359 804 4421 194,
839 4357 965 4419 450,
1000 4369 1037 4407 α
1074 4359 1121 4420 6,
1160 4357 1187 4409 ξ
1223 4358 1340 4420 279,
1376 4371 1411 4421 χ
1443 4359 1561 4409 372.
