3144 5006
1296 413 1625 469 ΙΛΙΑΔΟΕ
1681 412 1829 466 XVI.
2573 415 2692 480 137

590 567 819 646 ἤντετο
863 566 987 646 γάρ
1030 587 1131 631 τοι
1174 566 1413 648 Φοῖβος
1458 567 1556 633 ένὶ
1600 574 1868 653 κρατερῇ
1914 568 2135 654 ὑςμίνῃ

576 668 819 733 δεινός·
867 668 905 732 ὃ
952 669 1067 749 μὲν
1113 668 1230 735 τὸν
1276 669 1458 735 ἰόντα
1499 670 1660 735 κατὰ
1701 671 1941 737 κλόνον
1990 671 2107 736 οὐκ
2151 670 2441 751 ἑνόηςεν·

410 775 533 835 790
575 770 714 851 ἠέρι
758 771 882 850 γὰρ
925 772 1136 855 πολλῇ
1182 771 1653 851 κεκαλυμμένος
1699 765 2111 854 ἄῖιτεβόληςε·

577 875 686 951 ςτῆ
733 872 790 939 δ’
835 871 1055 956 ὄπιθε,
1100 875 1337 952 πλῆξεν
1382 875 1454 938 δὲ
1499 874 1909 955 μετάφρενον
1955 874 2136 955 εὐρέε
2181 875 2237 939 τ’
2281 875 2438 956 ὤμω

577 976 736 1055 χειρὶ
782 977 1208 1058 καταπρηνεῖ,
1254 974 1744 1056 ςτρεφεδίνηθεν
1790 978 1860 1042 δέ
1907 977 1970 1041 οἱ
2015 974 2174 1042 ὄςςε.

580 1080 697 1142 τοῦ
741 1077 800 1142 δ’
843 1076 974 1142 ἀπὸ
1020 1077 1135 1156 μὲν
1177 1078 1410 1158 κρατὸς
1453 1077 1684 1158 κυνέην
1731 1079 1883 1159 βάλε
1926 1078 2168 1159 Φοῖβος
2213 1078 2579 1145 Ἀπόλλων·

575 1179 613 1257 ἢ
659 1179 730 1245 δὲ
777 1179 1198 1259 κυλινδομένη
1242 1179 1528 1259 καναχὴν
1576 1180 1684 1260 ἔχε
1729 1180 1949 1246 ποςςὶν
1995 1178 2110 1260 ὑφ’
2147 1178 2369 1246 ἵππων

411 1285 531 1344 795
577 1279 867 1346 αὐλῶπις
910 1280 1295 1361 τρυφάλεια,
1342 1281 1689 1361 μιάνθηςαν
1735 1283 1807 1347 δὲ
1851 1281 2087 1362 ἔθειραι
2303 1352 2318 1369 ‚

576 1382 787 1464 αἵματι
830 1383 934 1448 καὶ
975 1380 1244 1467 κονίῃςν
1292 1382 1502 1463 πάρος
1544 1404 1620 1461 γε
1664 1384 1778 1463 μὲν
1825 1383 1905 1449 οὐ
1951 1385 2127 1465 θέμις
2169 1383 2283 1464 ἦεν

576 1483 944 1563 ἱππόκομον
989 1484 1242 1564 πήληκα
1285 1485 1631 1566 μιαίνεςθαι
1675 1486 1977 1571 κονίῃςιν,

579 1586 722 1651 ἀλλ’
765 1585 1005 1666 ἀνδρὸς
1048 1586 1248 1651 θείοιο
1294 1587 1453 1667 κάρη
1498 1587 1718 1667 χαρίεν
1763 1608 1832 1653 τε
1876 1588 2180 1669 μέτωπον

582 1687 779 1769 ῥύετ’,
829 1688 1189 1768 Ἀχιλλῆος·
1233 1687 1379 1753 τότε
1423 1690 1494 1754 δὲ
1537 1689 1704 1754 Ζεὺς
1746 1690 1997 1770 Ἕκτορι
2043 1694 2250 1757 δῶκεν

411 1797 536 1855 800
578 1792 617 1874 ᾗ
663 1792 913 1873 κεφαλῇ
958 1789 1224 1870 φορέειν
1247 1835 1266 1871 ,
1314 1791 1612 1869 ςχεδόθεν
1658 1790 1730 1857 δέ
1774 1792 1837 1856 οἱ
1880 1792 1995 1871 ἦεν
2040 1789 2326 1871 ὄλεθρος.

578 1895 708 1957 πᾶν
754 1890 827 1957 δέ
873 1891 938 1956 οἱ
981 1892 1055 1957 έν
1101 1891 1404 1972 χείρεςςιν
1451 1891 1575 1972 ἄγη
1621 1893 2027 1973 δολιχόςκιον
2071 1892 2292 1976 ἔγχος,

579 1994 757 2075 βριθὺ
802 1992 964 2074 μέγα
1007 1996 1304 2074 ςτιβαρὸν
1349 1995 1852 2074 κεκορυθμένον·
1898 1994 2104 2075 αὐτὰρ
2150 1993 2262 2059 ἀπ’
2305 1994 2504 2076 ὤμων

580 2096 762 2161 ἀςπὶς
809 2096 921 2161 ςύν
972 2097 1293 2177 τελαμῶνι
1338 2097 1528 2175 χαμαὶ
1572 2096 1724 2163 πέςε
1767 2098 2146 2178 τερμιόεςςα.

583 2200 731 2263 λῦςε
776 2197 848 2262 δέ
895 2196 957 2262 οἱ
1001 2198 1259 2277 θώρηκα
1301 2198 1461 2266 ἄναξ
1504 2200 1670 2266 Διὸς
1714 2199 1852 2265 υἱὸς
1897 2199 2249 2264 Ἀπόλλων.

413 2305 535 2365 805
580 2299 695 2365 τὸν
742 2299 799 2364 δ’
843 2297 961 2378 ἄτη
1006 2300 1251 2380 φρένας
1296 2299 1458 2384 εἷλε,
1505 2301 1697 2366 λύθεν
1743 2301 1801 2367 δ’
1845 2301 1973 2366 ὑπὸ
2018 2301 2287 2383 φαίδιμα
2327 2304 2503 2379 γυῖα,

577 2406 684 2482 ςτῆ
730 2403 802 2468 δὲ
845 2402 1106 2482 ταφών·
1151 2400 1377 2469 ὄπιθεν
1421 2403 1492 2468 δὲ
1536 2401 1943 2484 μετάφρενον
1988 2403 2119 2469 ὀξέι
2161 2404 2349 2483 δουρὶ

490 2494 499 2500 ’
583 2505 779 2584 ὤμων
824 2505 1130 2585 μεςςηγὺς
1173 2505 1476 2585 ςχεδόθεν
1523 2506 1676 2587 βάλε
1723 2506 2071 2586 Δάρδανος
2116 2505 2308 2585 ἀνήρ,

579 2608 948 2688 Πανθοίδης
993 2606 1360 2691 Εὔφορβος,
1405 2608 1479 2673 ὃς
1523 2607 1768 2688 ἡλικίην
1813 2608 2109 2675 ἐκέκαςτο

579 2709 754 2788 ἔγχεϊ
797 2709 854 2774 θ’
894 2708 1215 2791 ἱπποςύνῃ
1259 2728 1329 2774 τε
1373 2706 1633 2776 πόδεςςί
1673 2730 1742 2775 τε
1786 2710 2298 2790 καρπαλίμοιςιν·

414 2816 543 2874 810
587 2810 689 2875 καὶ
731 2809 855 2889 γὰρ
901 2812 978 2891 δὴ
1024 2811 1169 2876 τότε
1214 2815 1442 2891 φῶτας
1487 2810 1713 2877 ἐείκοςι
1758 2814 1943 2893 βῆςεν
1989 2810 2103 2893 ἀφ’
2143 2810 2366 2878 ἵππων

583 2912 782 2992 πρῶτ’
828 2911 1037 2978 ἐλθὼν
1083 2912 1196 2978 ςύν
1241 2910 1503 2995 ὄχεςφι,
1549 2914 2003 2995 διδαςκόμενος
2045 2914 2393 2993 πολέμοιο·

581 3013 657 3079 ὅς
699 3033 799 3078 τοι
843 3016 1105 3093 πρῶτος
1150 3013 1349 3094 ἐφῆκε
1396 3015 1585 3095 βέλος
1627 3014 2022 3094 Πατρόκλεις
2063 3014 2291 3099 ἱππεῦ,

550 3206 615 3260 V.
653 3227 700 3264 1..
770 3210 870 3261 788
904 3222 990 3260 τοι
1027 3206 1211 3262 omitt.
1251 3206 1318 3265 D.
1364 3208 1451 3263 ἑνι
1486 3206 1603 3262 AD.
1649 3228 1712 3247 -Α-
1760 3213 1857 3264 789
1893 3210 1927 3263 δ
1964 3209 2066 3275 μὲν
2103 3207 2162 3263 C.
2207 3225 2351 3263 κατα
2389 3208 2460 3264 H.
2500 3240 2559 3249 —-
2601 3216 2701 3266 790

411 3277 750 3341 ἀντεβόληςε
787 3272 1047 3328 ACDEG.
1097 3305 1159 3314 —
1209 3280 1303 3329 ‘lm
1345 3277 1544 3330 ὄπιθεν
1590 3275 1831 3331 ACEHL
1867 3275 2026 3331 Vrab.
2060 3277 2124 3330 A.
2170 3276 2256 3332 Et.
2302 3277 2414 3347 ΜΒ.
2461 3282 2578 3338 628.
2621 3285 2697 3336 10.

414 3345 613 3399 όπιςθε
648 3342 697 3396 D
723 3341 874 3412 Lips.
899 3340 1046 3400 Flor.
1084 3346 1262 3411 πλῆξε
1298 3343 1392 3398 DL
1418 3343 1566 3413 Lips.
1594 3343 1738 3398 Flor.
1776 3346 1945 3413 εὐρέα
1968 3342 2067 3405 LS,
2105 3375 2168 3383 -—
2206 3350 2305 3400 792
2341 3347 2699 3414 ςτρεφεδίνη-

414 3448 516 3500 θεν
550 3443 658 3499 AC.
704 3475 767 3485 ·-
822 3451 923 3500 794
959 3446 994 3513 ἣ
1030 3447 1092 3500 δὲ
1127 3445 1187 3501 C.
1241 3447 1358 3512 εἶχε
1401 3445 1465 3500 D.
1521 3447 1646 3512 ὑφέ
1684 3448 1779 3514 ἐφ’
1814 3445 1868 3504 S.
1923 3477 1988 3487 —
2042 3452 2140 3501 797
2177 3447 2495 3513 μεαίνεςθαι
2518 3414 2698 3502 ἴ-

415 3551 513 3602 798
550 3546 736 3615 χάριέν
773 3546 839 3606 G.
881 3528 1123 3605 ΚΑΡΙἘΝ
1162 3549 1282 3618 Syr.
1319 3581 1382 3588 —
1431 3554 1528 3605 799
1564 3550 1796 3616 ἀχῖλῆος
1833 3551 1891 3605 C.
1938 3581 2002 3589 —
2047 3554 2147 3605 800
2183 3552 2247 3605 ὲν
2283 3554 2505 3620 κεφαλῇ
2542 3551 2595 3610 S.
2636 3580 2699 3591 —-

413 3621 509 3669 801
550 3615 689 3682 ἐάγη
725 3614 786 3672 L.
821 3616 1053 3685 χείρεςς’
1086 3618 1223 3686 ἐάγη
1261 3617 1420 3673 Vrat.
1454 3617 1520 3672 A.
1557 3618 2003 3684 δολιχόςκιον“Δ.
2044 3649 2104 3657 -
2143 3624 2243 3675 803
2279 3618 2460 3674 omitt.
2498 3618 2564 3673 G.
2600 3636 2700 3675 ςυν

415 3716 481 3769 D.
521 3718 690 3771 πεεεν
727 3715 794 3771 D.
829 3748 894 3758 -
931 3725 1031 3774 805
1066 3720 1179 3774 ὑπο
1216 3718 1423 3778 AcHL.
1467 3702 1625 3775 Υπο
1655 3686 1786 3788 ζῆ.
1824 3749 1886 3759 -
1923 3725 2023 3775 806
2059 3723 2219 3775 ὅπιθε
2259 3720 2329 3774 Ε,
2364 3721 2595 3774 ὅπιεθεν
2631 3719 2699 3776 Η.

416 3814 477 3822 —-
503 3790 602 3839 807
679 3787 907 3851 εςςηγὺς
933 3785 1174 3841 ACDHL
1199 3786 1334 3842 Mor.
1362 3786 1577 3842 Townl.
1614 3790 1852 3856 μεςςηγύ
1889 3787 1934 3840 G
1974 3787 2094 3856 Syr.
2134 3790 2402 3855 μεςςηγὺς
2439 3791 2472 3855 ἢ
2511 3805 2700 3856 μεςςη-

412 3854 481 3913 γύ
516 3803 675 3907 Eusss
711 3882 773 3893 —-
813 3859 913 3909 808
951 3858 1255 3922 πανθοῖδης
1292 3854 1362 3908 L:
1402 3854 1580 3908 ceteri
1614 3858 1937 3927 πανθοίδης.
1990 3858 2297 3912 ΗΛΥΚΙΗΝ
2339 3855 2461 3924 Syr.
2510 3858 2698 3925 ἡλικίῃ

415 3917 572 3973 Vrat.
610 3921 677 3973 A.
720 3951 783 3962 -
821 3927 920 3976 809
956 3924 1178 3978 πόδεςςι
1213 3926 1276 3977 τὲ
1312 3922 1379 3975 Η.
1418 3925 1805 3990 καρπαλίμοιςι
1842 3922 2093 3978 ACDGH
2131 3924 2167 3977 S
2208 3941 2251 3979 r.
2289 3940 2359 3977 κα
2398 3924 2570 3986 παλίμ
2615 3942 2699 3980 ςιν

416 3984 475 4039 L.
515 3994 717 4108 8-2810
732 3991 965 4112 άξὴποτΙε,
1002 3988 1286 4045 ACDEGS
1323 3993 1383 4045 et
1415 3989 1621 4058 Heynii
1655 3992 1803 4046 libri.
1840 3994 1909 4058 δὴ
1935 3995 2071 4047 τότε
2108 3991 2160 4045 Η
2210 4032 2222 4046 .
2256 3993 2356 4047 ΔΗ
2413 3993 2550 4047 ΟΤΕ
2613 4009 2693 4061 yr.

415 4084 481 4093 —
556 4062 596 4107 1·
650 4073 728 4125 πρ
785 4073 887 4112 τον
966 4098 978 4110 .

472 4216 479 4223 ’
551 4234 617 4287 A.
653 4251 699 4288 c.
769 4239 865 4289 801
905 4236 1063 4289 οὕτω
1101 4240 1215 4291 πᾶν
1250 4236 1312 4290 δέ
1347 4235 1401 4290 01
1471 4236 1534 4291 ἐν
1570 4237 1633 4291 δέ
1668 4252 1771 4292 τιςι
1806 4254 1843 4315 τ
1928 4239 1988 4291 δέ
2021 4238 2077 4292 οἱ
2115 4236 2460 4305 Didymus.
2496 4265 2562 4277 -
2597 4242 2697 4292 807

420 4302 1114 4425 ςτὶεέιεόθενωεξςὸίιλὲὴυὲχεὲῗίιέ
1145 4275 1742 4440 ἕὲτξὲετέοῃοάοῐυο,
1789 4322 1847 4360 vi
1890 4321 1920 4359 e
1957 4304 2140 4359 Sohol.
2180 4307 2218 4359 Ρ
2257 4310 2336 4360 15.
2383 4334 2450 4344 —
2493 4309 2595 4359 810
2628 4307 2697 4373 δὴ
