3144 5006
404 440 533 504 200
1324 443 1658 498 ιΛιΑΔος
1708 444 1769 513 fl.

573 595 778 675 αὐτὰρ
822 596 961 662 ἐπεὶ
1005 599 1082 677 δὴ
1127 597 1340 663 πάντα
1381 596 1527 674 περὶ
1570 595 1717 675 χροῒ
1760 595 1980 662 ἕςςατο
2022 597 2282 677 τεύχεα,

573 696 781 764 ςεύατ’
823 696 1024 765 ἔπειθ’
1066 696 1206 765 οἷός
1246 719 1313 763 τε
1356 697 1679 777 πελώριος
1723 696 1973 777 ἔρχεται
2014 698 2241 783 Ἀρης,

573 798 647 865 ὅς
689 799 746 865 τ’
789 798 948 866 εἶςιν
992 799 1282 879 πόλεμον
1326 799 1398 863 δὲ
1442 798 1576 877 μετ’
1619 798 1888 883 ἀνέρας,
1933 798 2048 865 οὕς
2091 821 2161 867 τε
2210 801 2496 882 Κρονίων

407 906 532 965 210
574 900 941 985 θυμοβόρου
985 900 1197 982 ἔριδος
1241 900 1414 980 μένεϊ
1457 902 1719 981 ξυνέηκε
1764 900 2083 982 μάχεςθαι.

575 1005 754 1071 τοῖος
799 1001 900 1083 ἄρ’
940 1001 1093 1069 Αἴας
1138 999 1312 1081 ὦρτο
1357 1002 1714 1086 πελώριος,
1759 1002 1946 1083 ἕρκος
1992 1003 2296 1089 Ἀχαιῶν,

572 1104 871 1183 μειδιόων
918 1104 1271 1186 βλοςυροῖςι
1315 1104 1721 1183 προςώπαςι·
1770 1105 1956 1183 νέρθε
2001 1107 2073 1171 δὲ
2118 1108 2342 1173 ποςςὶν

574 1206 671 1285 ἤιε
715 1205 921 1287 μακρὰ
967 1205 1176 1289 βιβάς,
1221 1203 1523 1286 κραδάων
1566 1207 1970 1287 δολιχόςκιον
2016 1207 2224 1287 ἔγχος.
2288 1238 2291 1241 -

572 1307 687 1374 τὸν
731 1308 802 1373 δὲ
847 1308 950 1373 καὶ
993 1307 1266 1386 Ἀργεῖοι
1310 1309 1425 1387 μὲν
1469 1306 1739 1387 ἐγήθεον
1783 1308 2233 1394 εἰςορόωντες,

407 1413 528 1472 215
573 1408 798 1488 Τρῶας
842 1410 914 1474 δὲ
956 1408 1190 1489 τρόμος
1234 1409 1417 1475 αἰνὸς
1462 1410 1747 1489 ὑπήλυθε
1791 1412 1939 1486 γυῖα
1983 1410 2270 1496 ἕκαςτον,

574 1510 822 1590 Ἕκτορί
865 1511 920 1575 τ’
962 1510 1139 1595 αὐτῷ
1184 1501 1382 1590 θυμὸς
1427 1511 1522 1576 ἐνὶ
1566 1511 1841 1591 ςτήθεςςι
1885 1511 2229 1580 πάταςςεν·

574 1610 720 1676 ἀλλ’
763 1611 844 1677 οὔ
887 1633 1026 1679 πως
1072 1611 1164 1677 ἔτι
1210 1611 1382 1693 εἶχεν
1428 1611 1772 1694 ὑποτρέςαι
1817 1614 1956 1680 οὐδ’
2001 1613 2314 1682 ἀναδῦναι

573 1712 668 1793 ἂψ
714 1713 891 1779 λαῶν
936 1714 1003 1780 ἐς
1046 1714 1308 1799 ὅμιλον,
1353 1716 1493 1781 ἐπεὶ
1535 1716 2011 1795 προκαλέςςατο
2056 1717 2284 1802 χάρμῃ.

573 1813 728 1880 Αἴας
772 1815 828 1879 δ’
870 1814 1138 1893 ἐγγύθεν
1184 1815 1336 1896 ἦλθε
1382 1816 1608 1899 φέρων
1653 1817 1844 1883 ςάκος
1886 1816 2035 1897 ἠύτε
2073 1815 2352 1904 πύργον,

409 1921 533 1981 220
575 1916 852 1996 χάλκεον
897 1916 1307 2003 ἑπταβόειον,
1351 1918 1390 1983 ὅ
1437 1918 1500 1985 οἱ
1543 1918 1776 1997 Τυχίος
1822 1918 1974 1999 κάμε
2018 1920 2298 2004 τεύχων,

574 2019 978 2098 ςκυτοτόμων
1021 2018 1123 2099 ὄχ’
1164 2020 1448 2103 ἄριςτος,
1492 2021 1661 2106 Ὕλῃ
1705 2019 1801 2086 ἔνι
1848 2020 2012 2085 οἰκία
2056 2016 2287 2088 νἀίων·

575 2118 650 2185 ὅς
694 2121 757 2186 οἱ
799 2120 1094 2201 ἐποίηςεν
1142 2121 1330 2187 ςάκος
1375 2121 1600 2187 αἰόλον
1646 2120 2023 2201 ἑπταβόειον

574 2220 833 2301 ταύρων
877 2221 1279 2304 ζατρεφέων,
1325 2221 1427 2286 ἐπὶ
1470 2221 1528 2285 δ’
1570 2220 1817 2298 ὄγδοον
1862 2221 2054 2301 ἤλαςε
2097 2222 2355 2303 χαλκόν.

574 2322 650 2388 τὸ
693 2322 929 2401 πρόςθε
974 2321 1262 2402 ςτέρνοιο
1308 2321 1535 2404 φέρων
1578 2321 1994 2402 Τελαμώνιος
2038 2321 2225 2407 Αἴας,

407 2427 531 2487 225
575 2427 684 2502 ςτῆ
733 2423 814 2505 ῥα
856 2423 999 2503 μάλ’
1039 2423 1344 2506 Ἕκτορος
1387 2424 1607 2508 ἐγγύς,
1651 2422 1994 2505 ἀπειλήςας
2038 2426 2113 2490 δὲ
2156 2424 2519 2507 προςηύδα·

743 2526 1003 2610 Ἕκτορ,
1045 2529 1164 2592 νῦν
1210 2528 1326 2607 μὲν
1369 2528 1447 2606 δὴ
1494 2526 1669 2608 ςάφα
1713 2525 1901 2593 εἷςεαι
1948 2526 2165 2594 οἰόθεν
2210 2526 2385 2610 οἶος,

580 2626 708 2693 οἷοι
752 2628 853 2692 καὶ
896 2629 1252 2695 Δαναοῑςιν
1297 2628 1587 2709 ἀριςτῆες
1632 2629 1882 2709 μετέαςι

578 2730 679 2794 καὶ
721 2730 853 2809 μετ’
895 2729 1190 2809 Ἀχιλλῆα
1233 2729 1555 2812 ῥηξήνορα
1597 2731 2017 2811 θυμολέοντα.

545 2948 613 3004 V.
649 2968 700 3003 1..
772 2954 873 3003 207
906 2952 1136 3016 τεύχεα;
1174 2951 1350 3020 τεύχη
1375 2949 1722 3006 CDEGHLS.
1758 2930 1967 3017 τεύχῆα
1990 2952 2056 3004 A.
2096 2980 2157 2989 -—
2195 2956 2296 3004 208
2330 2967 2394 3005 τε
2420 2950 2601 3004 omitt.
2628 2950 2692 3004 D.

412 3046 474 3055 -
511 3021 610 3072 209
646 3018 900 3083 πόλεμον
934 3019 994 3072 δὲ
1027 3017 1197 3072 ADH.
1245 3049 1313 3058 -
1358 3025 1458 3072 210
1493 3019 1728 3087 ξυνέηκε
1766 3020 1830 3073 A.
1866 3049 1932 3057 —
1969 3024 2063 3072 211
2105 3019 2175 3086 ἂρ
2212 3013 2375 3072 DEG.
2418 3019 2490 3086 ἀρ
2526 3018 2590 3071 A.
2628 3049 2691 3057 —

409 3124 508 3172 212
547 3120 898 3196 προςώπαςιε
937 3121 1262 3187 προςώποις
1297 3118 1355 3173 L.
1400 3091 1745 3186 προςῖἧτοιςι
1789 3118 1887 3172 DG
1926 3118 2082 3173 Vrat.
2118 3119 2174 3178 b.
2220 3120 2284 3173 A.
2331 3122 2489 3175 ποςς1
2525 3118 2591 3172 D.
2627 3148 2691 3158 —-

409 3192 509 3240 213
545 3187 695 3253 βιβάς
730 3185 860 3240 libn
886 3202 1094 3245 omnes.
1134 3218 1190 3226 —
1231 3192 1330 3240 214
1365 3189 1533 3242 τόνδε
1559 3186 1670 3241 GL.
1710 3188 1839 3254 μένε
1868 3188 1993 3252 μέγ’
2014 3186 2314 3244 ACDGLS.
2351 3185 2551 3254 μέγαΕ
2574 3191 2692 3252 676,

408 3260 500 3319 493
537 3259 654 3318 677,
703 3259 786 3311 56.
835 3283 901 3292 -
944 3261 1043 3309 215
1078 3260 1266 3323 τρῷας
1303 3253 1361 3309 L.
1407 3254 1616 3323 τρώων
1654 3253 1718 3310 G.
1771 3256 1859 3310 δὲε
1898 3256 2000 3321 μὲν
2046 3254 2267 3318 Pseudo
2309 3254 2409 3308 lut.
2463 3259 2573 3318 138,
2611 3260 2693 3307 49.

410 3323 692 3387 ὑπήλυθεε
729 3322 978 3388 ἐπήλυθε
1015 3321 1350 3376 Plutarchus
1384 3321 1455 3376 de
1491 3322 1637 3376 Aud.
1676 3324 1824 3392 Ροὲίῐ.
1871 3331 1948 3377 10.
1992 3324 2069 3376 ὑπ
2115 3326 2250 3377 λθεν
2269 3272 2437 3375 thus&
2473 3325 2590 3386 677,
2627 3328 2692 3375 57

359 3394 363 3400 ’
410 3389 472 3442 et
504 3394 586 3442 61.
621 3389 899 3458 ὑπείληφε
926 3388 1078 3444 Euat.
1115 3395 1232 3455 676,
1270 3397 1350 3446 50.
1387 3391 1650 3444 ἔκαςτονε
1687 3391 1922 3445 ἑκάςτου
1958 3388 2060 3445 DG
2138 3392 2242 3449 rat.
2266 3390 2332 3443 A.
2367 3404 2469 3459 pro
2506 3404 2693 3447 emen-

411 3456 657 3513 datione.
696 3487 758 3495 —
797 3463 894 3511 216
929 3459 1009 3511 ἐνι
1034 3456 1153 3511 AD.
1191 3459 1254 3511 ἐν
1279 3459 1546 3524 ςτήθεςφι
1569 3456 1796 3513 Barocc.
1822 3455 1964 3513 Mor.
2006 3489 2067 3498 —
2105 3463 2205 3512 218
2241 3459 2383 3512 λαὸν
2408 3456 2465 3509 L.
2503 3457 2693 3511 καλέ(-

410 3558 546 3597 ςατο
581 3539 652 3596 Η.
699 3571 766 3583 —
809 3547 909 3596 219
954 3547 1174 3610 πθργον
1210 3540 1266 3594 L.
1317 3572 1383 3580 —
1430 3548 1531 3596 220
1575 3544 1906 3609 ἑπταβόειον
1943 3546 2008 3598 A.
2056 3544 2115 3609 ὅ,
2152 3543 2206 3596 οἱ
2242 3541 2352 3599 OG.
2399 3525 2588 3608 τῦἶιος
2624 3539 2691 3593 D.

411 3662 553 3728 κάμε
590 3661 809 3715 τέκτων
846 3659 1004 3715 Cant.
1050 3691 1113 3700 —
1162 3666 1255 3713 221
1297 3661 1378 3716 ἐνὶ
1415 3614 1819 3715 CDGHIY'Zn
1855 3661 1901 3714 A
1939 3658 2126 3731 Apoll.
2162 3658 2298 3714 Lex.
2342 3665 2461 3723 157,
2516 3663 2593 3712 16.
2629 3688 2693 3697 -

409 3736 511 3783 222
547 3729 774 3815 ἑποίηςε
810 3725 1012 3782 CEGL.
1058 3730 1391 3794 ἑπταβόειον
1435 3731 1498 3782 A.
1553 3759 1619 3768 —
1665 3734 1764 3782 224
1799 3730 2008 3798 πρόςθε
2052 3725 2260 3781 ADEL.
2304 3729 2401 3793 τὸ,
2450 3728 2694 3794 πρόςθεν

412 3846 575 3903 CGH.
612 3876 674 3887 —
710 3853 812 3903 225
853 3848 926 3915 ῥὰ
970 3845 1080 3900 DL.
1127 3800 1335 3901 -ξ-ς26
1373 3849 1560 3916 ἕκτωρ
1595 3847 1664 3906 Η.
1712 3877 1772 3888 --
1821 3853 1920 3901 227
1966 3847 2187 3914 μετέαςι
2233 3842 2443 3900 AOEG.
2492 3873 2557 3883 —
2593 3849 2696 3898 228

311 3953 318 3962 .
410 3918 613 3985 άχιλῆα
648 3915 756 3972 OG.

547 4101 611 4155 A.
648 4119 694 4156 ο.
745 4108 845 4158 207
879 4103 981 4158 τεύ
1021 4118 1087 4158 εα
1162 4102 1309 4156 conf.
1347 4102 1416 4159 H.
1457 4102 1524 4156 U.
1562 4107 1674 4156 146.
1712 4137 1779 4146 —-
1814 4108 1912 4156 213
1948 4102 2136 4156 οὕτως
2181 4099 2508 4169 ἀρίςταρχος
2544 4101 2697 4166 βιβάς

414 4168 769 4248 Βίᾶγωιιε,
806 4170 949 4226 conf.
1045 4212 1059 4224 .
1095 4145 1160 4228 ’Ϊῖ
1201 4176 1315 4224 215.
1357 4200 1416 4208 —-
1457 4176 1556 4224 214
1593 4169 1919 4238 ἀρίςταρχος
1964 4171 2071 4223 τὸν
2113 4169 2174 4223 δὲ
2220 4171 2313 4223 καί
2349 4169 2560 4236 ἁργεῖοι
2597 4169 2699 4236 μὲν

413 4237 654 4303 ἐγήθεον
689 4237 1032 4306 Dldymus.
1072 4268 1135 4278 --
1172 4244 1268 4292 221
1306 4238 1481 4308 Ὕλῃε
1519 4238 1642 4293 οὐδ’
1665 4238 1911 4292 ἐνταῦθα
1936 4237 1999 4290 εὖ
2030 4236 2305 4304 γράφουςί
2328 4251 2479 4291 τινες
2517 4237 2697 4305 ,,Ὑδη

413 4305 564 4356 ἔνθ’·
599 4305 668 4358 οὐ
778 4323 811 4373 ρ
847 4307 880 4359 ὁ
919 4306 1050 4360 Αἶας
1096 4307 1159 4362 ἐκ
1194 4306 1393 4362 Λυδίας
1438 4308 1509 4359 τὸ
1554 4306 1719 4362 ςάκος
1768 4305 2164 4371 μετεπέμπετο
2199 4301 2402 4358 Sin-abo
2439 4302 2532 4368 IX,
2571 4310 2694 4370 ⁴083

415 4370 561 4424 conf.
596 4370 699 4425 XII
734 4412 747 4437 ,
784 4378 900 4439 626,
934 4372 1089 4427 Eunt.
1125 4379 1244 4440 267,
1287 4380 1372 4440 18,
1410 4379 1528 4440 678,
1569 4379 1648 4427 12.
